  <div class='ocr_page' id='page_1' title='image "/cluster/home/n/w/nwhite01/storage/ocr_20150623/103/njp.32101010943882/843.png"; bbox 0 0 1923 3093; ppageno 0'>
   <div class='ocr_carea' id='block_1_1' title="bbox 198 155 268 188">
    <p class='ocr_par' dir='ltr' id='par_1_1' title="bbox 198 155 268 188">
     <span class='ocr_line' id='line_1_1' title="bbox 198 155 268 188; baseline -0.029 0"><span class='ocrx_word' id='word_1_1' title='bbox 198 155 268 188; x_wconf 72' lang='grc'><strong>1419</strong></span> 
     </span>
    </p>
   </div>
   <div class='ocr_carea' id='block_1_2' title="bbox 784 151 1257 185">
    <p class='ocr_par' dir='ltr' id='par_1_2' title="bbox 784 151 1257 185">
     <span class='ocr_line' id='line_1_2' title="bbox 784 151 1257 185; baseline -0.008 0"><span class='ocrx_word' id='word_1_2' title='bbox 784 153 915 185; x_wconf 86' lang='lat' dir='ltr'><strong>PHOTlI</strong></span> <span class='ocrx_word' id='word_1_3' title='bbox 934 151 1186 183; x_wconf 68' lang='lat' dir='ltr'><strong>PATRIARCHE</strong></span> <span class='ocrx_word' id='word_1_4' title='bbox 1202 151 1257 182; x_wconf 77' lang='grc' dir='ltr'><strong>(Π).</strong></span> 
     </span>
    </p>
   </div>
   <div class='ocr_carea' id='block_1_3' title="bbox 1774 148 1845 182">
    <p class='ocr_par' dir='ltr' id='par_1_3' title="bbox 1774 148 1845 182">
     <span class='ocr_line' id='line_1_3' title="bbox 1774 148 1845 182; baseline -0.028 -1"><span class='ocrx_word' id='word_1_5' title='bbox 1774 148 1845 182; x_wconf 64' lang='lat'><strong>1420</strong></span> 
     </span>
    </p>
   </div>
   <div class='ocr_carea' id='block_1_4' title="bbox 199 206 1000 247">
    <p class='ocr_par' dir='ltr' id='par_1_4' title="bbox 199 210 992 247">
     <span class='ocr_line' id='line_1_4' title="bbox 199 210 992 247; baseline -0.003 -8"><span class='ocrx_word' id='word_1_6' title='bbox 199 213 304 240; x_wconf 76' lang='lat' dir='ltr'><strong>meliori</strong></span> <span class='ocrx_word' id='word_1_7' title='bbox 320 211 476 240; x_wconf 83' lang='lat' dir='ltr'><strong>conditione</strong></span> <span class='ocrx_word' id='word_1_8' title='bbox 490 211 588 246; x_wconf 83' lang='lat' dir='ltr'><strong>forent,</strong></span> <span class='ocrx_word' id='word_1_9' title='bbox 604 212 674 247; x_wconf 88' lang='lat' dir='ltr'><strong>quod</strong></span> <span class='ocrx_word' id='word_1_10' title='bbox 691 211 757 240; x_wconf 87' lang='lat' dir='ltr'><strong>lo&#39;cis</strong></span> <span class='ocrx_word' id='word_1_11' title='bbox 774 211 910 240; x_wconf 70' lang='lat' dir='ltr'><strong>difﬁcilem</strong></span> <span class='ocrx_word' id='word_1_12' title='bbox 933 210 992 238; x_wconf 88' lang='lat' dir='ltr'><strong>adi-</strong></span> 
     </span>
    </p>
   </div>
   <div class='ocr_carea' id='block_1_5' title="bbox 1058 206 1847 247">
    <p class='ocr_par' dir='ltr' id='par_1_5' title="bbox 1058 206 1847 245">
     <span class='ocr_line' id='line_1_5' title="bbox 1058 206 1847 245; baseline -0.004 -9"><span class='ocrx_word' id='word_1_13' title='bbox 1058 209 1253 245; x_wconf 79' lang='grc' dir='ltr'>ιναιρεθέντων,</span> <span class='ocrx_word' id='word_1_14' title='bbox 1269 208 1322 236; x_wconf 90' lang='grc' dir='ltr'><strong>τῶν</strong></span> <span class='ocrx_word' id='word_1_15' title='bbox 1335 207 1364 235; x_wconf 81' lang='grc' dir='ltr'><strong>δὲ</strong></span> <span class='ocrx_word' id='word_1_16' title='bbox 1375 208 1478 236; x_wconf 78' lang='grc' dir='ltr'>λοιπῶν</span> <span class='ocrx_word' id='word_1_17' title='bbox 1495 207 1635 245; x_wconf 79' lang='grc' dir='ltr'>ῥιψάντων</span> <span class='ocrx_word' id='word_1_18' title='bbox 1648 207 1684 234; x_wconf 87' lang='grc' dir='ltr'><strong>τὰ</strong></span> <span class='ocrx_word' id='word_1_19' title='bbox 1696 206 1770 234; x_wconf 80' lang='grc' dir='ltr'>ὅπλα</span> <span class='ocrx_word' id='word_1_20' title='bbox 1795 207 1847 234; x_wconf 71' lang='grc' dir='ltr'><strong>καὶ</strong></span> 
     </span>
    </p>
   </div>
   <div class='ocr_carea' id='block_1_6' title="bbox 199 253 990 291">
    <p class='ocr_par' dir='ltr' id='par_1_6' title="bbox 199 253 990 291">
     <span class='ocr_line' id='line_1_6' title="bbox 199 253 990 291; baseline -0.004 -8"><span class='ocrx_word' id='word_1_21' title='bbox 199 261 255 284; x_wconf 91' lang='lat' dir='ltr'><strong>tum</strong></span> <span class='ocrx_word' id='word_1_22' title='bbox 270 256 456 291; x_wconf 63' lang='lat' dir='ltr'><strong>praebentibus</strong></span> <span class='ocrx_word' id='word_1_23' title='bbox 478 255 702 291; x_wconf 72' lang='lat' dir='ltr'><strong>defenderentur)</strong></span> <span class='ocrx_word' id='word_1_24' title='bbox 718 275 726 289; x_wconf 89' lang='lat'><strong>,</strong></span> <span class='ocrx_word' id='word_1_25' title='bbox 745 263 797 283; x_wconf 86' lang='lat' dir='ltr'><strong>una</strong></span> <span class='ocrx_word' id='word_1_26' title='bbox 813 263 874 282; x_wconf 92' lang='lat' dir='ltr'><strong>cum</strong></span> <span class='ocrx_word' id='word_1_27' title='bbox 897 255 931 282; x_wconf 88' lang='lat' dir='ltr'><strong>iis</strong></span> <span class='ocrx_word' id='word_1_28' title='bbox 944 253 990 288; x_wconf 91' lang='lat' dir='ltr'><strong>qui</strong></span> 
     </span>
    </p>
   </div>
   <div class='ocr_carea' id='block_1_7' title="bbox 199 298 992 336">
    <p class='ocr_par' dir='ltr' id='par_1_7' title="bbox 199 298 992 336">
     <span class='ocr_line' id='line_1_7' title="bbox 199 298 992 336; baseline -0.003 -8"><span class='ocrx_word' id='word_1_29' title='bbox 199 302 238 329; x_wconf 83' lang='lat' dir='ltr'><strong>illi</strong></span> <span class='ocrx_word' id='word_1_30' title='bbox 251 301 376 328; x_wconf 83' lang='lat' dir='ltr'><strong>astabant</strong></span> <span class='ocrx_word' id='word_1_31' title='bbox 390 306 463 336; x_wconf 83' lang='lat' dir='ltr'><strong>terga</strong></span> <span class='ocrx_word' id='word_1_32' title='bbox 476 301 560 335; x_wconf 82' lang='lat' dir='ltr'><strong>dedit,</strong></span> <span class='ocrx_word' id='word_1_33' title='bbox 580 301 727 336; x_wconf 77' lang='lat' dir='ltr'><strong>multisque</strong></span> <span class='ocrx_word' id='word_1_34' title='bbox 742 300 902 332; x_wconf 89' lang='lat' dir='ltr'><strong>interfectis,</strong></span> <span class='ocrx_word' id='word_1_35' title='bbox 927 298 992 326; x_wconf 92' lang='lat' dir='ltr'><strong>reli-</strong></span> 
     </span>
    </p>
   </div>
   <div class='ocr_carea' id='block_1_8' title="bbox 198 344 991 380">
    <p class='ocr_par' dir='ltr' id='par_1_8' title="bbox 198 344 991 380">
     <span class='ocr_line' id='line_1_8' title="bbox 198 344 991 380; baseline -0.001 -8"><span class='ocrx_word' id='word_1_36' title='bbox 198 345 244 380; x_wconf 88' lang='lat' dir='ltr'><strong>qui</strong></span> <span class='ocrx_word' id='word_1_37' title='bbox 257 345 369 380; x_wconf 86' lang='lat' dir='ltr'><strong>abjectis</strong></span> <span class='ocrx_word' id='word_1_38' title='bbox 380 345 464 372; x_wconf 88' lang='lat' dir='ltr'><strong>armis</strong></span> <span class='ocrx_word' id='word_1_39' title='bbox 474 345 517 372; x_wconf 82' lang='lat' dir='ltr'><strong>vix</strong></span> <span class='ocrx_word' id='word_1_40' title='bbox 532 345 583 373; x_wconf 92' lang='lat' dir='ltr'><strong>sibi</strong></span> <span class='ocrx_word' id='word_1_41' title='bbox 597 344 659 380; x_wconf 83' lang='lat' dir='ltr'><strong>fuga</strong></span> <span class='ocrx_word' id='word_1_42' title='bbox 672 345 787 373; x_wconf 88' lang='lat' dir='ltr'><strong>salutem</strong></span> <span class='ocrx_word' id='word_1_43' title='bbox 799 344 991 379; x_wconf 82' lang='lat' dir='ltr'><strong>quaesiverunt.</strong></span> 
     </span>
    </p>
   </div>
   <div class='ocr_carea' id='block_1_9' title="bbox 201 391 994 429">
    <p class='ocr_par' dir='ltr' id='par_1_9' title="bbox 201 391 994 429">
     <span class='ocr_line' id='line_1_9' title="bbox 201 391 994 429; baseline -0.003 -9"><span class='ocrx_word' id='word_1_44' title='bbox 201 393 356 420; x_wconf 84' lang='lat' dir='ltr'><strong>Defectores</strong></span> <span class='ocrx_word' id='word_1_45' title='bbox 370 393 453 429; x_wconf 82' lang='lat' dir='ltr'><strong>igitur</strong></span> <span class='ocrx_word' id='word_1_46' title='bbox 467 397 507 420; x_wconf 93' lang='lat' dir='ltr'><strong>tot</strong></span> <span class='ocrx_word' id='word_1_47' title='bbox 518 393 677 427; x_wconf 86' lang='lat' dir='ltr'><strong>armaturis,</strong></span> <span class='ocrx_word' id='word_1_48' title='bbox 690 393 771 421; x_wconf 87' lang='lat' dir='ltr'><strong>simul</strong></span> <span class='ocrx_word' id='word_1_49' title='bbox 784 393 867 420; x_wconf 86' lang='lat' dir='ltr'><strong>etiam</strong></span> <span class='ocrx_word' id='word_1_50' title='bbox 879 391 994 419; x_wconf 83' lang='lat' dir='ltr'><strong>victoria</strong></span> 
     </span>
    </p>
   </div>
   <div class='ocr_carea' id='block_1_10' title="bbox 200 437 995 474">
    <p class='ocr_par' dir='ltr' id='par_1_10' title="bbox 200 437 995 474">
     <span class='ocr_line' id='line_1_10' title="bbox 200 437 995 474; baseline -0.004 -8"><span class='ocrx_word' id='word_1_51' title='bbox 200 439 290 466; x_wconf 90' lang='lat' dir='ltr'><strong>subito</strong></span> <span class='ocrx_word' id='word_1_52' title='bbox 302 439 393 474; x_wconf 88' lang='lat' dir='ltr'><strong>potiti,</strong></span> <span class='ocrx_word' id='word_1_53' title='bbox 412 439 438 466; x_wconf 93' lang='lat' dir='ltr'><strong>in</strong></span> <span class='ocrx_word' id='word_1_54' title='bbox 454 446 503 466; x_wconf 90' lang='lat' dir='ltr'><strong>suo</strong></span> <span class='ocrx_word' id='word_1_55' title='bbox 518 439 626 474; x_wconf 87' lang='lat' dir='ltr'><strong>incepto</strong></span> <span class='ocrx_word' id='word_1_56' title='bbox 644 438 774 467; x_wconf 88' lang='lat' dir='ltr'><strong>audacius</strong></span> <span class='ocrx_word' id='word_1_57' title='bbox 786 437 948 472; x_wconf 78' lang='lat' dir='ltr'><strong>pergebant,</strong></span> <span class='ocrx_word' id='word_1_58' title='bbox 966 441 995 464; x_wconf 85' lang='lat' dir='ltr'><strong>et</strong></span> 
     </span>
    </p>
   </div>
   <div class='ocr_carea' id='block_1_11' title="bbox 200 481 993 518">
    <p class='ocr_par' dir='ltr' id='par_1_11' title="bbox 200 481 993 518">
     <span class='ocr_line' id='line_1_11' title="bbox 200 481 993 518; baseline -0.001 -9"><span class='ocrx_word' id='word_1_59' title='bbox 200 483 320 509; x_wconf 88' lang='lat' dir='ltr'><strong>omnium</strong></span> <span class='ocrx_word' id='word_1_60' title='bbox 336 489 477 510; x_wconf 88' lang='lat' dir='ltr'><strong>servorum</strong></span> <span class='ocrx_word' id='word_1_61' title='bbox 494 482 578 510; x_wconf 90' lang='lat' dir='ltr'><strong>animi</strong></span> <span class='ocrx_word' id='word_1_62' title='bbox 602 483 634 510; x_wconf 94' lang='lat' dir='ltr'><strong>ad</strong></span> <span class='ocrx_word' id='word_1_63' title='bbox 656 490 730 518; x_wconf 92' lang='lat' dir='ltr'><strong>spem</strong></span> <span class='ocrx_word' id='word_1_64' title='bbox 757 482 890 510; x_wconf 77' lang='lat' dir='ltr'><strong>libertatis</strong></span> <span class='ocrx_word' id='word_1_65' title='bbox 906 481 993 516; x_wconf 80' lang='lat' dir='ltr'><strong>erige-</strong></span> 
     </span>
    </p>
   </div>
   <div class='ocr_carea' id='block_1_12' title="bbox 201 528 996 563">
    <p class='ocr_par' dir='ltr' id='par_1_12' title="bbox 201 528 996 563">
     <span class='ocr_line' id='line_1_12' title="bbox 201 528 996 563; baseline 0.003 -9"><span class='ocrx_word' id='word_1_66' title='bbox 201 529 313 556; x_wconf 83' lang='lat' dir='ltr'><strong>bantur.</strong></span> <span class='ocrx_word' id='word_1_67' title='bbox 328 528 450 563; x_wconf 87' lang='lat' dir='ltr'><strong>Cumque</strong></span> <span class='ocrx_word' id='word_1_68' title='bbox 464 528 541 556; x_wconf 89' lang='lat' dir='ltr'><strong>multi</strong></span> <span class='ocrx_word' id='word_1_69' title='bbox 554 529 579 556; x_wconf 93' lang='lat' dir='ltr'><strong>in</strong></span> <span class='ocrx_word' id='word_1_70' title='bbox 591 529 649 556; x_wconf 85' lang='lat' dir='ltr'><strong>dies</strong></span> <span class='ocrx_word' id='word_1_71' title='bbox 661 528 818 561; x_wconf 88' lang='lat' dir='ltr'><strong>deficerent,</strong></span> <span class='ocrx_word' id='word_1_72' title='bbox 833 529 910 556; x_wconf 82' lang='lat' dir='ltr'><strong>brevi</strong></span> <span class='ocrx_word' id='word_1_73' title='bbox 925 532 996 556; x_wconf 90' lang='lat' dir='ltr'><strong>tem-</strong></span> 
     </span>
    </p>
   </div>
   <div class='ocr_carea' id='block_1_13' title="bbox 200 574 998 609">
    <p class='ocr_par' dir='ltr' id='par_1_13' title="bbox 200 574 998 609">
     <span class='ocr_line' id='line_1_13' title="bbox 200 574 998 609; baseline 0.001 -9"><span class='ocrx_word' id='word_1_74' title='bbox 200 581 267 609; x_wconf 89' lang='lat' dir='ltr'><strong>pore</strong></span> <span class='ocrx_word' id='word_1_75' title='bbox 286 581 366 608; x_wconf 81' lang='lat' dir='ltr'><strong>supra</strong></span> <span class='ocrx_word' id='word_1_76' title='bbox 382 581 462 608; x_wconf 89' lang='lat' dir='ltr'><strong>quam</strong></span> <span class='ocrx_word' id='word_1_77' title='bbox 478 574 552 602; x_wconf 88' lang='lat' dir='ltr'><strong>credi</strong></span> <span class='ocrx_word' id='word_1_78' title='bbox 565 574 648 608; x_wconf 85' lang='lat' dir='ltr'><strong>possit</strong></span> <span class='ocrx_word' id='word_1_79' title='bbox 671 579 766 602; x_wconf 87' lang='lat' dir='ltr'><strong>auctus</strong></span> <span class='ocrx_word' id='word_1_80' title='bbox 781 582 874 601; x_wconf 89' lang='lat' dir='ltr'><strong>eorum</strong></span> <span class='ocrx_word' id='word_1_81' title='bbox 901 581 998 602; x_wconf 82' lang='lat' dir='ltr'><strong>nume-</strong></span> 
     </span>
    </p>
   </div>
   <div class='ocr_carea' id='block_1_14' title="bbox 201 618 998 654">
    <p class='ocr_par' dir='ltr' id='par_1_14' title="bbox 201 618 998 654">
     <span class='ocr_line' id='line_1_14' title="bbox 201 618 998 654; baseline 0.001 -8"><span class='ocrx_word' id='word_1_82' title='bbox 201 627 248 646; x_wconf 88' lang='lat' dir='ltr'><strong>rus</strong></span> <span class='ocrx_word' id='word_1_83' title='bbox 271 619 330 647; x_wconf 89' lang='lat' dir='ltr'><strong>fuit.</strong></span> <span class='ocrx_word' id='word_1_84' title='bbox 357 618 497 653; x_wconf 85' lang='lat' dir='ltr'><strong>Siquidem</strong></span> <span class='ocrx_word' id='word_1_85' title='bbox 535 620 605 647; x_wconf 86' lang='lat' dir='ltr'><strong>intra</strong></span> <span class='ocrx_word' id='word_1_86' title='bbox 629 627 730 654; x_wconf 87' lang='lat' dir='ltr'><strong>paucos</strong></span> <span class='ocrx_word' id='word_1_87' title='bbox 753 620 812 648; x_wconf 89' lang='lat' dir='ltr'><strong>dies</strong></span> <span class='ocrx_word' id='word_1_88' title='bbox 836 620 927 654; x_wconf 85' lang='lat' dir='ltr'><strong>plures</strong></span> <span class='ocrx_word' id='word_1_89' title='bbox 951 627 998 647; x_wconf 82' lang='lat' dir='ltr'><strong>sex</strong></span> 
     </span>
    </p>
   </div>
   <div class='ocr_carea' id='block_1_15' title="bbox 202 663 999 692">
    <p class='ocr_par' dir='ltr' id='par_1_15' title="bbox 202 663 999 692">
     <span class='ocr_line' id='line_1_15' title="bbox 202 663 999 692; baseline -0.003 0"><span class='ocrx_word' id='word_1_90' title='bbox 202 664 322 692; x_wconf 88' lang='lat' dir='ltr'><strong>millibus</strong></span> <span class='ocrx_word' id='word_1_91' title='bbox 336 664 470 691; x_wconf 82' lang='lat' dir='ltr'><strong>numerati</strong></span> <span class='ocrx_word' id='word_1_92' title='bbox 488 664 606 692; x_wconf 88' lang='lat' dir='ltr'><strong>fuerunt.</strong></span> <span class='ocrx_word' id='word_1_93' title='bbox 629 663 698 692; x_wconf 87' lang='lat' dir='ltr'><strong>Tum</strong></span> <span class='ocrx_word' id='word_1_94' title='bbox 713 671 779 692; x_wconf 87' lang='lat' dir='ltr'><strong>vero</strong></span> <span class='ocrx_word' id='word_1_95' title='bbox 794 669 890 692; x_wconf 87' lang='lat' dir='ltr'><strong>coacto</strong></span> <span class='ocrx_word' id='word_1_96' title='bbox 905 664 999 692; x_wconf 88' lang='lat' dir='ltr'><strong>conci-</strong></span> 
     </span>
    </p>
   </div>
   <div class='ocr_carea' id='block_1_16' title="bbox 203 708 998 745">
    <p class='ocr_par' dir='ltr' id='par_1_16' title="bbox 203 708 998 745">
     <span class='ocr_line' id='line_1_16' title="bbox 203 708 998 745; baseline 0.001 -9"><span class='ocrx_word' id='word_1_97' title='bbox 203 708 250 741; x_wconf 88' lang='lat' dir='ltr'><strong>lio,</strong></span> <span class='ocrx_word' id='word_1_98' title='bbox 271 713 299 735; x_wconf 93' lang='lat' dir='ltr'><strong>et</strong></span> <span class='ocrx_word' id='word_1_99' title='bbox 324 708 521 736; x_wconf 84' lang='lat' dir='ltr'><strong>deliberatione</strong></span> <span class='ocrx_word' id='word_1_100' title='bbox 547 710 581 737; x_wconf 87' lang='lat' dir='ltr'><strong>de</strong></span> <span class='ocrx_word' id='word_1_101' title='bbox 606 717 712 737; x_wconf 90' lang='lat' dir='ltr'><strong>summa</strong></span> <span class='ocrx_word' id='word_1_102' title='bbox 738 718 829 737; x_wconf 88' lang='lat' dir='ltr'><strong>rerum</strong></span> <span class='ocrx_word' id='word_1_103' title='bbox 850 710 998 745; x_wconf 82' lang='lat' dir='ltr'><strong>proposita,</strong></span> 
     </span>
    </p>
   </div>
   <div class='ocr_carea' id='block_1_17' title="bbox 205 754 999 791">
    <p class='ocr_par' dir='ltr' id='par_1_17' title="bbox 205 754 999 791">
     <span class='ocr_line' id='line_1_17' title="bbox 205 754 999 791; baseline 0.004 -11"><span class='ocrx_word' id='word_1_104' title='bbox 205 759 268 781; x_wconf 87' lang='lat' dir='ltr'><strong>ante</strong></span> <span class='ocrx_word' id='word_1_105' title='bbox 294 754 385 782; x_wconf 84' lang='lat' dir='ltr'><strong>omnia</strong></span> <span class='ocrx_word' id='word_1_106' title='bbox 419 759 548 782; x_wconf 84' lang='lat' dir='ltr'><strong>crearunt</strong></span> <span class='ocrx_word' id='word_1_107' title='bbox 573 762 665 790; x_wconf 88' lang='lat' dir='ltr'><strong>regem</strong></span> <span class='ocrx_word' id='word_1_108' title='bbox 695 755 815 783; x_wconf 86' lang='lat' dir='ltr'><strong>Salvium</strong></span> <span class='ocrx_word' id='word_1_109' title='bbox 843 756 999 791; x_wconf 83' lang='lat' dir='ltr'><strong>quemdam,</strong></span> 
     </span>
    </p>
   </div>
   <div class='ocr_carea' id='block_1_18' title="bbox 203 798 1002 833">
    <p class='ocr_par' dir='ltr' id='par_1_18' title="bbox 203 798 1002 833">
     <span class='ocr_line' id='line_1_18' title="bbox 203 798 1002 833; baseline 0.005 -9"><span class='ocrx_word' id='word_1_110' title='bbox 203 798 303 833; x_wconf 76' lang='lat' dir='ltr'><strong>388b</strong></span> <span class='ocrx_word' id='word_1_111' title='bbox 320 798 365 832; x_wconf 94' lang='lat' dir='ltr'><strong>qui</strong></span> <span class='ocrx_word' id='word_1_112' title='bbox 390 798 552 833; x_wconf 82' lang='lat' dir='ltr'><strong>aruspicinae</strong></span> <span class='ocrx_word' id='word_1_113' title='bbox 568 800 669 833; x_wconf 88' lang='lat' dir='ltr'><strong>peritus</strong></span> <span class='ocrx_word' id='word_1_114' title='bbox 683 801 843 833; x_wconf 87' lang='lat' dir='ltr'><strong>habebatur,</strong></span> <span class='ocrx_word' id='word_1_115' title='bbox 859 805 886 828; x_wconf 87' lang='lat' dir='ltr'><strong>et</strong></span> <span class='ocrx_word' id='word_1_116' title='bbox 901 801 927 828; x_wconf 92' lang='lat' dir='ltr'><strong>in</strong></span> <span class='ocrx_word' id='word_1_117' title='bbox 943 809 1002 828; x_wconf 81' lang='lat' dir='ltr'><strong>mu-</strong></span> 
     </span>
    </p>
   </div>
   <div class='ocr_carea' id='block_1_19' title="bbox 205 844 1003 882">
    <p class='ocr_par' dir='ltr' id='par_1_19' title="bbox 205 844 1003 882">
     <span class='ocr_line' id='line_1_19' title="bbox 205 844 1003 882; baseline 0.005 -12"><span class='ocrx_word' id='word_1_118' title='bbox 205 844 298 871; x_wconf 91' lang='lat' dir='ltr'><strong>lierem</strong></span> <span class='ocrx_word' id='word_1_119' title='bbox 321 851 422 872; x_wconf 89' lang='lat' dir='ltr'><strong>corona</strong></span> <span class='ocrx_word' id='word_1_120' title='bbox 444 849 526 872; x_wconf 88' lang='lat' dir='ltr'><strong>cantu</strong></span> <span class='ocrx_word' id='word_1_121' title='bbox 542 845 680 878; x_wconf 85' lang='lat' dir='ltr'><strong>tibiarum,</strong></span> <span class='ocrx_word' id='word_1_122' title='bbox 706 846 742 873; x_wconf 90' lang='lat' dir='ltr'><strong>ad</strong></span> <span class='ocrx_word' id='word_1_123' title='bbox 765 846 897 874; x_wconf 80' lang='lat' dir='ltr'><strong>insaniam</strong></span> <span class='ocrx_word' id='word_1_124' title='bbox 918 853 1003 882; x_wconf 85' lang='lat' dir='ltr'><strong>usque</strong></span> 
     </span>
    </p>
   </div>
   <div class='ocr_carea' id='block_1_20' title="bbox 205 890 1001 926">
    <p class='ocr_par' dir='ltr' id='par_1_20' title="bbox 205 890 1001 926">
     <span class='ocr_line' id='line_1_20' title="bbox 205 890 1001 926; baseline 0.003 -10"><span class='ocrx_word' id='word_1_125' title='bbox 205 893 375 923; x_wconf 85' lang='lat' dir='ltr'><strong>perstrepere</strong></span> <span class='ocrx_word' id='word_1_126' title='bbox 387 890 482 918; x_wconf 87' lang='lat' dir='ltr'><strong>solitus</strong></span> <span class='ocrx_word' id='word_1_127' title='bbox 497 895 565 918; x_wconf 89' lang='lat' dir='ltr'><strong>erat.</strong></span> <span class='ocrx_word' id='word_1_128' title='bbox 588 890 636 918; x_wconf 81' lang='lat' dir='ltr'><strong>Hic</strong></span> <span class='ocrx_word' id='word_1_129' title='bbox 652 898 764 926; x_wconf 90' lang='lat' dir='ltr'><strong>regnum</strong></span> <span class='ocrx_word' id='word_1_130' title='bbox 791 892 916 926; x_wconf 85' lang='lat' dir='ltr'><strong>adeptus,</strong></span> <span class='ocrx_word' id='word_1_131' title='bbox 939 898 1001 919; x_wconf 91' lang='lat' dir='ltr'><strong>cum</strong></span> 
     </span>
    </p>
   </div>
   <div class='ocr_carea' id='block_1_21' title="bbox 209 934 1001 968">
    <p class='ocr_par' dir='ltr' id='par_1_21' title="bbox 209 934 1001 968">
     <span class='ocr_line' id='line_1_21' title="bbox 209 934 1001 968; baseline 0.005 -8"><span class='ocrx_word' id='word_1_132' title='bbox 209 934 291 961; x_wconf 85' lang='lat' dir='ltr'><strong>urbes</strong></span> <span class='ocrx_word' id='word_1_133' title='bbox 310 934 413 961; x_wconf 86' lang='lat' dir='ltr'><strong>desidia</strong></span> <span class='ocrx_word' id='word_1_134' title='bbox 431 935 571 963; x_wconf 87' lang='lat' dir='ltr'><strong>mollitiem</strong></span> <span class='ocrx_word' id='word_1_135' title='bbox 589 934 681 963; x_wconf 85' lang='lat' dir='ltr'><strong>fovere</strong></span> <span class='ocrx_word' id='word_1_136' title='bbox 695 935 875 968; x_wconf 80' lang='lat' dir='ltr'><strong>existimaret,</strong></span> <span class='ocrx_word' id='word_1_137' title='bbox 890 943 938 964; x_wconf 85' lang='lat' dir='ltr'><strong>eas</strong></span> <span class='ocrx_word' id='word_1_138' title='bbox 950 936 1001 964; x_wconf 86' lang='lat' dir='ltr'><strong>sibi</strong></span> 
     </span>
    </p>
   </div>
   <div class='ocr_carea' id='block_1_22' title="bbox 204 981 1003 1018">
    <p class='ocr_par' dir='ltr' id='par_1_22' title="bbox 204 981 1003 1018">
     <span class='ocr_line' id='line_1_22' title="bbox 204 981 1003 1018; baseline 0.003 -10"><span class='ocrx_word' id='word_1_139' title='bbox 204 981 329 1009; x_wconf 88' lang='lat' dir='ltr'><strong>vitandas</strong></span> <span class='ocrx_word' id='word_1_140' title='bbox 341 981 483 1016; x_wconf 80' lang='lat' dir='ltr'><strong>judicavit.</strong></span> <span class='ocrx_word' id='word_1_141' title='bbox 497 982 586 1016; x_wconf 84' lang='lat' dir='ltr'><strong>Quare</strong></span> <span class='ocrx_word' id='word_1_142' title='bbox 601 982 781 1010; x_wconf 86' lang='lat' dir='ltr'><strong>defectoribus</strong></span> <span class='ocrx_word' id='word_1_143' title='bbox 795 987 851 1011; x_wconf 89' lang='lat' dir='ltr'><strong>tres</strong></span> <span class='ocrx_word' id='word_1_144' title='bbox 870 983 896 1011; x_wconf 87' lang='lat' dir='ltr'><strong>in</strong></span> <span class='ocrx_word' id='word_1_145' title='bbox 911 987 1003 1018; x_wconf 84' lang='lat' dir='ltr'><strong>partes</strong></span> 
     </span>
    </p>
   </div>
   <div class='ocr_carea' id='block_1_23' title="bbox 204 1027 1002 1063">
    <p class='ocr_par' dir='ltr' id='par_1_23' title="bbox 204 1027 1002 1063">
     <span class='ocr_line' id='line_1_23' title="bbox 204 1027 1002 1063; baseline 0.003 -9"><span class='ocrx_word' id='word_1_146' title='bbox 204 1027 308 1060; x_wconf 84' lang='lat' dir='ltr'><strong>divisis,</strong></span> <span class='ocrx_word' id='word_1_147' title='bbox 319 1028 485 1063; x_wconf 85' lang='lat' dir='ltr'><strong>totidemque</strong></span> <span class='ocrx_word' id='word_1_148' title='bbox 495 1029 609 1056; x_wconf 88' lang='lat' dir='ltr'><strong>ducibus</strong></span> <span class='ocrx_word' id='word_1_149' title='bbox 623 1028 768 1063; x_wconf 87' lang='lat' dir='ltr'><strong>unicuique</strong></span> <span class='ocrx_word' id='word_1_150' title='bbox 776 1029 844 1062; x_wconf 88' lang='lat' dir='ltr'><strong>parti</strong></span> <span class='ocrx_word' id='word_1_151' title='bbox 854 1029 1002 1057; x_wconf 66' lang='lat' dir='ltr'><strong>attributiso</strong></span> 
     </span>
    </p>
   </div>
   <div class='ocr_carea' id='block_1_24' title="bbox 204 1072 1004 1109">
    <p class='ocr_par' dir='ltr' id='par_1_24' title="bbox 204 1072 1004 1109">
     <span class='ocr_line' id='line_1_24' title="bbox 204 1072 1004 1109; baseline 0.003 -9"><span class='ocrx_word' id='word_1_152' title='bbox 204 1073 300 1100; x_wconf 81' lang='lat' dir='ltr'><strong>effusis</strong></span> <span class='ocrx_word' id='word_1_153' title='bbox 317 1072 534 1107; x_wconf 86' lang='lat' dir='ltr'><strong>populationibus</strong></span> <span class='ocrx_word' id='word_1_154' title='bbox 546 1080 690 1108; x_wconf 77' lang='lat' dir='ltr'><strong>peragrare</strong></span> <span class='ocrx_word' id='word_1_155' title='bbox 701 1073 836 1109; x_wconf 83' lang='lat' dir='ltr'><strong>regionem</strong></span> <span class='ocrx_word' id='word_1_156' title='bbox 848 1078 942 1108; x_wconf 89' lang='lat' dir='ltr'><strong>totam,</strong></span> <span class='ocrx_word' id='word_1_157' title='bbox 950 1082 1004 1102; x_wconf 92' lang='lat' dir='ltr'><strong>om-</strong></span> 
     </span>
    </p>
   </div>
   <div class='ocr_carea' id='block_1_25' title="bbox 206 1119 1004 1153">
    <p class='ocr_par' dir='ltr' id='par_1_25' title="bbox 206 1119 1004 1153">
     <span class='ocr_line' id='line_1_25' title="bbox 206 1119 1004 1153; baseline 0.004 -9"><span class='ocrx_word' id='word_1_158' title='bbox 206 1124 313 1152; x_wconf 87' lang='lat' dir='ltr'><strong>nesque</strong></span> <span class='ocrx_word' id='word_1_159' title='bbox 329 1122 434 1145; x_wconf 87' lang='lat' dir='ltr'><strong>certum</strong></span> <span class='ocrx_word' id='word_1_160' title='bbox 452 1119 483 1145; x_wconf 87' lang='lat' dir='ltr'><strong>ad</strong></span> <span class='ocrx_word' id='word_1_161' title='bbox 502 1119 739 1153; x_wconf 80' lang='lat' dir='ltr'><strong>locum,certoque</strong></span> <span class='ocrx_word' id='word_1_162' title='bbox 751 1124 871 1153; x_wconf 87' lang='lat' dir='ltr'><strong>tempore</strong></span> <span class='ocrx_word' id='word_1_163' title='bbox 881 1127 1004 1147; x_wconf 87' lang='lat' dir='ltr'><strong>remeare</strong></span> 
     </span>
    </p>
   </div>
   <div class='ocr_carea' id='block_1_26' title="bbox 204 1161 1004 1198">
    <p class='ocr_par' dir='ltr' id='par_1_26' title="bbox 204 1161 1004 1198">
     <span class='ocr_line' id='line_1_26' title="bbox 204 1161 1004 1198; baseline 0.003 -10"><span class='ocrx_word' id='word_1_164' title='bbox 204 1161 358 1196; x_wconf 89' lang='lat' dir='ltr'><strong>imperavit.</strong></span> <span class='ocrx_word' id='word_1_165' title='bbox 367 1161 406 1188; x_wconf 94' lang='lat' dir='ltr'><strong>llli</strong></span> <span class='ocrx_word' id='word_1_166' title='bbox 415 1170 476 1189; x_wconf 88' lang='lat' dir='ltr'><strong>cutn</strong></span> <span class='ocrx_word' id='word_1_167' title='bbox 484 1162 597 1189; x_wconf 90' lang='lat' dir='ltr'><strong>aliorum</strong></span> <span class='ocrx_word' id='word_1_168' title='bbox 605 1163 774 1194; x_wconf 88' lang='lat' dir='ltr'><strong>animalium.</strong></span> <span class='ocrx_word' id='word_1_169' title='bbox 782 1167 837 1190; x_wconf 92' lang='lat' dir='ltr'><strong>tum</strong></span> <span class='ocrx_word' id='word_1_170' title='bbox 848 1170 912 1190; x_wconf 85' lang='lat' dir='ltr'><strong>vero</strong></span> <span class='ocrx_word' id='word_1_171' title='bbox 919 1170 1004 1198; x_wconf 85' lang='lat' dir='ltr'><strong>equo-</strong></span> 
     </span>
    </p>
   </div>
   <div class='ocr_carea' id='block_1_27' title="bbox 204 1205 1000 1242">
    <p class='ocr_par' dir='ltr' id='par_1_27' title="bbox 204 1205 1000 1242">
     <span class='ocr_line' id='line_1_27' title="bbox 204 1205 1000 1242; baseline 0.005 -12"><span class='ocrx_word' id='word_1_172' title='bbox 204 1212 264 1231; x_wconf 89' lang='lat' dir='ltr'><strong>rum</strong></span> <span class='ocrx_word' id='word_1_173' title='bbox 277 1205 383 1240; x_wconf 89' lang='lat' dir='ltr'><strong>copiam</strong></span> <span class='ocrx_word' id='word_1_174' title='bbox 394 1205 450 1233; x_wconf 86' lang='lat' dir='ltr'><strong>suis</strong></span> <span class='ocrx_word' id='word_1_175' title='bbox 464 1206 671 1233; x_wconf 80' lang='lat' dir='ltr'><strong>excursionibus</strong></span> <span class='ocrx_word' id='word_1_176' title='bbox 682 1206 781 1240; x_wconf 84' lang='lat' dir='ltr'><strong>adepti,</strong></span> <span class='ocrx_word' id='word_1_177' title='bbox 794 1206 869 1234; x_wconf 86' lang='lat' dir='ltr'><strong>brevi</strong></span> <span class='ocrx_word' id='word_1_178' title='bbox 882 1207 1000 1242; x_wconf 67' lang='lat' dir='ltr'><strong>peditum</strong></span> 
     </span>
    </p>
   </div>
   <div class='ocr_carea' id='block_1_28' title="bbox 205 1248 999 1284">
    <p class='ocr_par' dir='ltr' id='par_1_28' title="bbox 205 1248 999 1284">
     <span class='ocr_line' id='line_1_28' title="bbox 205 1248 999 1284; baseline 0.004 -10"><span class='ocrx_word' id='word_1_179' title='bbox 205 1248 300 1282; x_wconf 83' lang='lat' dir='ltr'><strong>viginti</strong></span> <span class='ocrx_word' id='word_1_180' title='bbox 323 1248 417 1282; x_wconf 86' lang='lat' dir='ltr'><strong>millia,</strong></span> <span class='ocrx_word' id='word_1_181' title='bbox 435 1249 556 1283; x_wconf 88' lang='lat' dir='ltr'><strong>equitnm</strong></span> <span class='ocrx_word' id='word_1_182' title='bbox 576 1250 629 1276; x_wconf 85' lang='lat' dir='ltr'><strong>duo</strong></span> <span class='ocrx_word' id='word_1_183' title='bbox 652 1249 800 1277; x_wconf 82' lang='lat' dir='ltr'><strong>elleceruttt</strong></span> <span class='ocrx_word' id='word_1_184' title='bbox 816 1258 823 1276; x_wconf 86' lang='lat'><strong>:</strong></span> <span class='ocrx_word' id='word_1_185' title='bbox 841 1250 921 1284; x_wconf 86' lang='lat' dir='ltr'><strong>idque</strong></span> <span class='ocrx_word' id='word_1_186' title='bbox 947 1250 999 1277; x_wconf 84' lang='lat' dir='ltr'><strong>lto-</strong></span> 
     </span>
    </p>
   </div>
   <div class='ocr_carea' id='block_1_29' title="bbox 204 1291 1004 1327">
    <p class='ocr_par' dir='ltr' id='par_1_29' title="bbox 204 1291 1004 1327">
     <span class='ocr_line' id='line_1_29' title="bbox 204 1291 1004 1327; baseline 0.004 -10"><span class='ocrx_word' id='word_1_187' title='bbox 204 1291 307 1318; x_wconf 87' lang='lat' dir='ltr'><strong>miunm</strong></span> <span class='ocrx_word' id='word_1_188' title='bbox 326 1292 371 1327; x_wconf 91' lang='lat' dir='ltr'><strong>qui</strong></span> <span class='ocrx_word' id='word_1_189' title='bbox 386 1292 443 1326; x_wconf 83' lang='lat' dir='ltr'><strong>jam</strong></span> <span class='ocrx_word' id='word_1_190' title='bbox 470 1293 626 1320; x_wconf 89' lang='lat' dir='ltr'><strong>tirocinium</strong></span> <span class='ocrx_word' id='word_1_191' title='bbox 642 1300 694 1320; x_wconf 90' lang='lat' dir='ltr'><strong>non</strong></span> <span class='ocrx_word' id='word_1_192' title='bbox 712 1293 773 1320; x_wconf 86' lang='lat' dir='ltr'><strong>sine</strong></span> <span class='ocrx_word' id='word_1_193' title='bbox 795 1301 900 1320; x_wconf 87' lang='lat' dir='ltr'><strong>summa</strong></span> <span class='ocrx_word' id='word_1_194' title='bbox 923 1294 1004 1321; x_wconf 80' lang='lat' dir='ltr'><strong>laude</strong></span> 
     </span>
    </p>
   </div>
   <div class='ocr_carea' id='block_1_30' title="bbox 205 1335 1002 1370">
    <p class='ocr_par' dir='ltr' id='par_1_30' title="bbox 205 1335 1002 1370">
     <span class='ocr_line' id='line_1_30' title="bbox 205 1335 1002 1370; baseline 0.003 -8"><span class='ocrx_word' id='word_1_195' title='bbox 205 1340 362 1369; x_wconf 86' lang='lat' dir='ltr'><strong>posuerant.</strong></span> <span class='ocrx_word' id='word_1_196' title='bbox 379 1335 501 1369; x_wconf 79' lang='lat' dir='ltr'><strong>Repente</strong></span> <span class='ocrx_word' id='word_1_197' title='bbox 514 1336 596 1370; x_wconf 82' lang='lat' dir='ltr'><strong>igitur</strong></span> <span class='ocrx_word' id='word_1_198' title='bbox 612 1336 644 1363; x_wconf 81' lang='lat' dir='ltr'><strong>ad</strong></span> <span class='ocrx_word' id='word_1_199' title='bbox 663 1336 756 1364; x_wconf 90' lang='lat' dir='ltr'><strong>urbem</strong></span> <span class='ocrx_word' id='word_1_200' title='bbox 782 1337 913 1364; x_wconf 84' lang='lat' dir='ltr'><strong>munitam</strong></span> <span class='ocrx_word' id='word_1_201' title='bbox 930 1337 1002 1364; x_wconf 86' lang='lat' dir='ltr'><strong>Mor-</strong></span> 
     </span>
    </p>
   </div>
   <div class='ocr_carea' id='block_1_31' title="bbox 206 1380 1001 1416">
    <p class='ocr_par' dir='ltr' id='par_1_31' title="bbox 206 1380 1001 1416">
     <span class='ocr_line' id='line_1_31' title="bbox 206 1380 1001 1416; baseline 0.004 -10"><span class='ocrx_word' id='word_1_202' title='bbox 206 1380 343 1415; x_wconf 85' lang='lat' dir='ltr'><strong>gantinam</strong></span> <span class='ocrx_word' id='word_1_203' title='bbox 358 1388 455 1415; x_wconf 83' lang='lat' dir='ltr'><strong>magno</strong></span> <span class='ocrx_word' id='word_1_204' title='bbox 473 1381 574 1415; x_wconf 87' lang='lat' dir='ltr'><strong>impetu</strong></span> <span class='ocrx_word' id='word_1_205' title='bbox 600 1381 767 1408; x_wconf 89' lang='lat' dir='ltr'><strong>contendunt</strong></span> <span class='ocrx_word' id='word_1_206' title='bbox 793 1390 800 1408; x_wconf 87' lang='lat'><strong>:</strong></span> <span class='ocrx_word' id='word_1_207' title='bbox 816 1389 930 1416; x_wconf 90' lang='lat' dir='ltr'><strong>eamque</strong></span> <span class='ocrx_word' id='word_1_208' title='bbox 946 1387 1001 1409; x_wconf 88' lang='lat' dir='ltr'><strong>tum</strong></span> 
     </span>
    </p>
   </div>
   <div class='ocr_carea' id='block_1_32' title="bbox 205 1425 1001 1461">
    <p class='ocr_par' dir='ltr' id='par_1_32' title="bbox 205 1425 1001 1461">
     <span class='ocr_line' id='line_1_32' title="bbox 205 1425 1001 1461; baseline 0.005 -10"><span class='ocrx_word' id='word_1_209' title='bbox 205 1425 312 1457; x_wconf 69' lang='lat' dir='ltr'><strong>validis,</strong></span> <span class='ocrx_word' id='word_1_210' title='bbox 325 1430 380 1452; x_wconf 92' lang='lat' dir='ltr'><strong>tum</strong></span> <span class='ocrx_word' id='word_1_211' title='bbox 398 1425 515 1452; x_wconf 88' lang='lat' dir='ltr'><strong>assiduis</strong></span> <span class='ocrx_word' id='word_1_212' title='bbox 533 1425 759 1460; x_wconf 86' lang='lat' dir='ltr'><strong>intpressionibus</strong></span> <span class='ocrx_word' id='word_1_213' title='bbox 783 1433 939 1461; x_wconf 78' lang='lat' dir='ltr'><strong>oppugnare</strong></span> <span class='ocrx_word' id='word_1_214' title='bbox 954 1434 1001 1455; x_wconf 90' lang='lat' dir='ltr'><strong>oc-</strong></span> 
     </span>
    </p>
   </div>
   <div class='ocr_carea' id='block_1_33' title="bbox 206 1470 1001 1506">
    <p class='ocr_par' dir='ltr' id='par_1_33' title="bbox 206 1470 1001 1506">
     <span class='ocr_line' id='line_1_33' title="bbox 206 1470 1001 1506; baseline 0.003 -8"><span class='ocrx_word' id='word_1_215' title='bbox 206 1471 320 1506; x_wconf 82' lang='lat' dir='ltr'><strong>cipiunt.</strong></span> <span class='ocrx_word' id='word_1_216' title='bbox 334 1470 485 1506; x_wconf 88' lang='lat' dir='ltr'><strong>lmperator</strong></span> <span class='ocrx_word' id='word_1_217' title='bbox 502 1476 592 1499; x_wconf 88' lang='lat' dir='ltr'><strong>autem</strong></span> <span class='ocrx_word' id='word_1_218' title='bbox 606 1479 668 1498; x_wconf 88' lang='lat' dir='ltr'><strong>cum</strong></span> <span class='ocrx_word' id='word_1_219' title='bbox 683 1471 778 1499; x_wconf 84' lang='lat' dir='ltr'><strong>eodem</strong></span> <span class='ocrx_word' id='word_1_220' title='bbox 802 1474 941 1500; x_wconf 87' lang='lat' dir='ltr'><strong>nocturnis</strong></span> <span class='ocrx_word' id='word_1_221' title='bbox 954 1473 1001 1500; x_wconf 89' lang='lat' dir='ltr'><strong>iti-</strong></span> 
     </span>
    </p>
   </div>
   <div class='ocr_carea' id='block_1_34' title="bbox 207 1519 999 1555">
    <p class='ocr_par' dir='ltr' id='par_1_34' title="bbox 207 1519 999 1555">
     <span class='ocr_line' id='line_1_34' title="bbox 207 1519 999 1555; baseline 0 -9"><span class='ocrx_word' id='word_1_222' title='bbox 207 1519 319 1547; x_wconf 81' lang='lat' dir='ltr'><strong>neribus</strong></span> <span class='ocrx_word' id='word_1_223' title='bbox 348 1519 532 1553; x_wconf 83' lang='lat' dir='ltr'><strong>pervenisset,</strong></span> <span class='ocrx_word' id='word_1_224' title='bbox 563 1524 692 1555; x_wconf 88' lang='lat' dir='ltr'><strong>lattquam</strong></span> <span class='ocrx_word' id='word_1_225' title='bbox 721 1519 755 1547; x_wconf 84' lang='lat' dir='ltr'><strong>ad</strong></span> <span class='ocrx_word' id='word_1_226' title='bbox 782 1519 910 1548; x_wconf 82' lang='lat' dir='ltr'><strong>ferendas</strong></span> <span class='ocrx_word' id='word_1_227' title='bbox 941 1520 999 1547; x_wconf 89' lang='lat' dir='ltr'><strong>urbi</strong></span> 
     </span>
    </p>
   </div>
   <div class='ocr_carea' id='block_1_35' title="bbox 207 1561 1000 1614">
    <p class='ocr_par' dir='ltr' id='par_1_35' title="bbox 207 1565 1000 1600">
     <span class='ocr_line' id='line_1_35' title="bbox 207 1565 1000 1600; baseline 0.001 -8"><span class='ocrx_word' id='word_1_228' title='bbox 207 1565 356 1600; x_wconf 86' lang='lat' dir='ltr'><strong>suppetias,</strong></span> <span class='ocrx_word' id='word_1_229' title='bbox 375 1565 477 1593; x_wconf 89' lang='lat' dir='ltr'><strong>ducens</strong></span> <span class='ocrx_word' id='word_1_230' title='bbox 503 1565 619 1593; x_wconf 89' lang='lat' dir='ltr'><strong>militum</strong></span> <span class='ocrx_word' id='word_1_231' title='bbox 643 1566 754 1594; x_wconf 82' lang='lat' dir='ltr'><strong>circiter</strong></span> <span class='ocrx_word' id='word_1_232' title='bbox 779 1566 874 1593; x_wconf 86' lang='lat' dir='ltr'><strong>decem</strong></span> <span class='ocrx_word' id='word_1_233' title='bbox 904 1566 1000 1598; x_wconf 82' lang='lat' dir='ltr'><strong>millia,</strong></span> 
     </span>
    </p>
   </div>
   <div class='ocr_carea' id='block_1_36' title="bbox 1058 1561 1483 1614">
    <p class='ocr_par' dir='ltr' id='par_1_36' title="bbox 1058 1577 1483 1614">
     <span class='ocr_line' id='line_1_36' title="bbox 1058 1577 1483 1614; baseline 0.007 -12"><span class='ocrx_word' id='word_1_234' title='bbox 1058 1577 1244 1609; x_wconf 63' lang='grc' dir='ltr'>παντοδαπῶς</span> <span class='ocrx_word' id='word_1_235' title='bbox 1261 1578 1295 1611; x_wconf 70' lang='grc'><strong>⁸⁸,</strong></span> <span class='ocrx_word' id='word_1_236' title='bbox 1314 1579 1413 1614; x_wconf 78' lang='grc' dir='ltr'>ῥᾳδίως</span> <span class='ocrx_word' id='word_1_237' title='bbox 1441 1579 1483 1612; x_wconf 79' lang='grc' dir='ltr'><strong>ὲξε</strong></span> 
     </span>
    </p>
   </div>
   <div class='ocr_carea' id='block_1_37' title="bbox 207 1612 1005 1649">
    <p class='ocr_par' dir='ltr' id='par_1_37' title="bbox 207 1612 1005 1649">
     <span class='ocr_line' id='line_1_37' title="bbox 207 1612 1005 1649; baseline 0.003 -9"><span class='ocrx_word' id='word_1_238' title='bbox 207 1613 305 1648; x_wconf 87' lang='lat' dir='ltr'><strong>partim</strong></span> <span class='ocrx_word' id='word_1_239' title='bbox 334 1612 508 1645; x_wconf 76' lang='lat' dir='ltr'><strong>Italicorum.</strong></span> <span class='ocrx_word' id='word_1_240' title='bbox 535 1614 634 1649; x_wconf 83' lang='lat' dir='ltr'><strong>partim</strong></span> <span class='ocrx_word' id='word_1_241' title='bbox 665 1621 699 1642; x_wconf 85' lang='lat' dir='ltr'><strong>ex</strong></span> <span class='ocrx_word' id='word_1_242' title='bbox 728 1614 835 1645; x_wconf 87' lang='lat' dir='ltr'><strong>Sicilia,</strong></span> <span class='ocrx_word' id='word_1_243' title='bbox 852 1613 1005 1642; x_wconf 82' lang='lat' dir='ltr'><strong>defectores</strong></span> 
     </span>
    </p>
   </div>
   <div class='ocr_carea' id='block_1_38' title="bbox 206 1659 1004 1697">
    <p class='ocr_par' dir='ltr' id='par_1_38' title="bbox 206 1659 1004 1697">
     <span class='ocr_line' id='line_1_38' title="bbox 206 1659 1004 1697; baseline 0.003 -10"><span class='ocrx_word' id='word_1_244' title='bbox 206 1660 279 1688; x_wconf 88' lang='lat' dir='ltr'><strong>circa</strong></span> <span class='ocrx_word' id='word_1_245' title='bbox 300 1659 470 1688; x_wconf 83' lang='lat' dir='ltr'><strong>obsidionem</strong></span> <span class='ocrx_word' id='word_1_246' title='bbox 496 1666 642 1695; x_wconf 85' lang='lat' dir='ltr'><strong>occupatos</strong></span> <span class='ocrx_word' id='word_1_247' title='bbox 663 1660 778 1688; x_wconf 86' lang='lat' dir='ltr'><strong>invenit.</strong></span> <span class='ocrx_word' id='word_1_248' title='bbox 802 1661 870 1688; x_wconf 88' lang='lat' dir='ltr'><strong>Cum</strong></span> <span class='ocrx_word' id='word_1_249' title='bbox 897 1669 963 1697; x_wconf 79' lang='lat' dir='ltr'><strong>ergo</strong></span> <span class='ocrx_word' id='word_1_250' title='bbox 978 1662 1004 1689; x_wconf 94' lang='lat' dir='ltr'><strong>in</strong></span> 
     </span>
    </p>
   </div>
   <div class='ocr_carea' id='block_1_39' title="bbox 207 1704 1006 1738">
    <p class='ocr_par' dir='ltr' id='par_1_39' title="bbox 207 1704 1006 1738">
     <span class='ocr_line' id='line_1_39' title="bbox 207 1704 1006 1738; baseline 0.001 -7"><span class='ocrx_word' id='word_1_251' title='bbox 207 1711 301 1732; x_wconf 90' lang='lat' dir='ltr'><strong>eorum</strong></span> <span class='ocrx_word' id='word_1_252' title='bbox 315 1709 405 1732; x_wconf 88' lang='lat' dir='ltr'><strong>castra</strong></span> <span class='ocrx_word' id='word_1_253' title='bbox 423 1704 603 1738; x_wconf 88' lang='lat' dir='ltr'><strong>irruptionem</strong></span> <span class='ocrx_word' id='word_1_254' title='bbox 623 1705 745 1737; x_wconf 83' lang='lat' dir='ltr'><strong>fecisset,</strong></span> <span class='ocrx_word' id='word_1_255' title='bbox 762 1709 790 1732; x_wconf 93' lang='lat' dir='ltr'><strong>et</strong></span> <span class='ocrx_word' id='word_1_256' title='bbox 809 1705 935 1738; x_wconf 81' lang='lat' dir='ltr'><strong>exiguum</strong></span> <span class='ocrx_word' id='word_1_257' title='bbox 950 1705 1006 1733; x_wconf 90' lang='lat' dir='ltr'><strong>illic</strong></span> 
     </span>
    </p>
   </div>
   <div class='ocr_carea' id='block_1_40' title="bbox 209 1751 1003 1787">
    <p class='ocr_par' dir='ltr' id='par_1_40' title="bbox 209 1751 1003 1787">
     <span class='ocr_line' id='line_1_40' title="bbox 209 1751 1003 1787; baseline -0.001 -8"><span class='ocrx_word' id='word_1_258' title='bbox 209 1752 362 1787; x_wconf 76' lang='lat' dir='ltr'><strong>praesidium</strong></span> <span class='ocrx_word' id='word_1_259' title='bbox 386 1751 544 1786; x_wconf 84' lang='lat' dir='ltr'><strong>reperisset,</strong></span> <span class='ocrx_word' id='word_1_260' title='bbox 571 1759 698 1787; x_wconf 80' lang='lat' dir='ltr'><strong>magnam</strong></span> <span class='ocrx_word' id='word_1_261' title='bbox 724 1756 817 1779; x_wconf 80' lang='lat' dir='ltr'><strong>autern</strong></span> <span class='ocrx_word' id='word_1_262' title='bbox 835 1751 1003 1785; x_wconf 88' lang='lat' dir='ltr'><strong>captivarum</strong></span> 
     </span>
    </p>
   </div>
   <div class='ocr_carea' id='block_1_41' title="bbox 209 1796 1004 1832">
    <p class='ocr_par' dir='ltr' id='par_1_41' title="bbox 209 1796 1004 1832">
     <span class='ocr_line' id='line_1_41' title="bbox 209 1796 1004 1832; baseline 0 -8"><span class='ocrx_word' id='word_1_263' title='bbox 209 1797 420 1829; x_wconf 85' lang='lat' dir='ltr'><strong>multitudinem,</strong></span> <span class='ocrx_word' id='word_1_264' title='bbox 441 1804 564 1832; x_wconf 73' lang='lat' dir='ltr'><strong>magnam</strong></span> <span class='ocrx_word' id='word_1_265' title='bbox 579 1797 643 1824; x_wconf 90' lang='lat' dir='ltr'><strong>item</strong></span> <span class='ocrx_word' id='word_1_266' title='bbox 658 1796 727 1824; x_wconf 82' lang='lat' dir='ltr'><strong>alius</strong></span> <span class='ocrx_word' id='word_1_267' title='bbox 744 1796 841 1832; x_wconf 68' lang='lat' dir='ltr'><strong>praeda:</strong></span> <span class='ocrx_word' id='word_1_268' title='bbox 852 1798 941 1824; x_wconf 89' lang='lat' dir='ltr'><strong>omttis</strong></span> <span class='ocrx_word' id='word_1_269' title='bbox 957 1805 1004 1831; x_wconf 87' lang='lat' dir='ltr'><strong>ge-</strong></span> 
     </span>
    </p>
   </div>
   <div class='ocr_carea' id='block_1_42' title="bbox 209 1842 1006 1878">
    <p class='ocr_par' dir='ltr' id='par_1_42' title="bbox 209 1842 1006 1878">
     <span class='ocr_line' id='line_1_42' title="bbox 209 1842 1006 1878; baseline 0 -8"><span class='ocrx_word' id='word_1_270' title='bbox 209 1843 294 1875; x_wconf 86' lang='lat' dir='ltr'><strong>neris,</strong></span> <span class='ocrx_word' id='word_1_271' title='bbox 311 1842 383 1870; x_wconf 92' lang='lat' dir='ltr'><strong>nullo</strong></span> <span class='ocrx_word' id='word_1_272' title='bbox 398 1842 505 1876; x_wconf 78' lang='lat' dir='ltr'><strong>negotio</strong></span> <span class='ocrx_word' id='word_1_273' title='bbox 522 1847 611 1869; x_wconf 86' lang='lat' dir='ltr'><strong>castra</strong></span> <span class='ocrx_word' id='word_1_274' title='bbox 628 1842 734 1869; x_wconf 90' lang='lat' dir='ltr'><strong>illorum</strong></span> <span class='ocrx_word' id='word_1_275' title='bbox 751 1842 901 1876; x_wconf 87' lang='lat' dir='ltr'><strong>submovit,</strong></span> <span class='ocrx_word' id='word_1_276' title='bbox 914 1843 1006 1878; x_wconf 87' lang='lat' dir='ltr'><strong>iisque</strong></span> 
     </span>
    </p>
   </div>
   <div class='ocr_carea' id='block_1_43' title="bbox 209 1888 1005 1924">
    <p class='ocr_par' dir='ltr' id='par_1_43' title="bbox 209 1888 1005 1924">
     <span class='ocr_line' id='line_1_43' title="bbox 209 1888 1005 1924; baseline 0.004 -9"><span class='ocrx_word' id='word_1_277' title='bbox 209 1889 322 1922; x_wconf 85' lang='lat' dir='ltr'><strong>direptis</strong></span> <span class='ocrx_word' id='word_1_278' title='bbox 338 1889 371 1916; x_wconf 87' lang='lat' dir='ltr'><strong>ad</strong></span> <span class='ocrx_word' id='word_1_279' title='bbox 387 1888 481 1917; x_wconf 86' lang='lat' dir='ltr'><strong>urbem</strong></span> <span class='ocrx_word' id='word_1_280' title='bbox 508 1888 705 1924; x_wconf 83' lang='lat' dir='ltr'><strong>Morgantinant</strong></span> <span class='ocrx_word' id='word_1_281' title='bbox 730 1889 782 1916; x_wconf 88' lang='lat' dir='ltr'><strong>iter</strong></span> <span class='ocrx_word' id='word_1_282' title='bbox 803 1891 949 1918; x_wconf 88' lang='lat' dir='ltr'><strong>convertit.</strong></span> <span class='ocrx_word' id='word_1_283' title='bbox 971 1891 1005 1918; x_wconf 83' lang='lat' dir='ltr'><strong>At</strong></span> 
     </span>
    </p>
   </div>
   <div class='ocr_carea' id='block_1_44' title="bbox 210 1935 1004 1975">
    <p class='ocr_par' dir='ltr' id='par_1_44' title="bbox 210 1935 1004 1975">
     <span class='ocr_line' id='line_1_44' title="bbox 210 1935 1004 1975; baseline 0.001 -11"><span class='ocrx_word' id='word_1_284' title='bbox 210 1935 362 1964; x_wconf 83' lang='lat' dir='ltr'><strong>defectores</strong></span> <span class='ocrx_word' id='word_1_285' title='bbox 375 1941 486 1971; x_wconf 83' lang='lat' dir='ltr'><strong>repente</strong></span> <span class='ocrx_word' id='word_1_286' title='bbox 500 1936 527 1963; x_wconf 87' lang='lat' dir='ltr'><strong>itt</strong></span> <span class='ocrx_word' id='word_1_287' title='bbox 549 1936 625 1964; x_wconf 88' lang='lat' dir='ltr'><strong>illum</strong></span> <span class='ocrx_word' id='word_1_288' title='bbox 643 1937 779 1965; x_wconf 89' lang='lat' dir='ltr'><strong>irruentes</strong></span> <span class='ocrx_word' id='word_1_289' title='bbox 792 1938 925 1970; x_wconf 78' lang='lat' dir='ltr'><strong>vicissim,</strong></span> <span class='ocrx_word' id='word_1_290' title='bbox 939 1946 1004 1975; x_wconf 22' lang='lat' dir='ltr'><strong>[eum</strong></span> 
     </span>
    </p>
   </div>
   <div class='ocr_carea' id='block_1_45' title="bbox 211 1982 1003 2018">
    <p class='ocr_par' dir='ltr' id='par_1_45' title="bbox 211 1982 1003 2018">
     <span class='ocr_line' id='line_1_45' title="bbox 211 1982 1003 2018; baseline 0.005 -10"><span class='ocrx_word' id='word_1_291' title='bbox 211 1989 226 2008; x_wconf 91' lang='lat' dir='ltr'><strong>e</strong></span> <span class='ocrx_word' id='word_1_292' title='bbox 236 1983 294 2009; x_wconf 91' lang='lat' dir='ltr'><strong>loco</strong></span> <span class='ocrx_word' id='word_1_293' title='bbox 302 1982 443 2016; x_wconf 87' lang='lat' dir='ltr'><strong>superiore</strong></span> <span class='ocrx_word' id='word_1_294' title='bbox 454 1988 614 2017; x_wconf 82' lang='lat' dir='ltr'><strong>pugnarent,</strong></span> <span class='ocrx_word' id='word_1_295' title='bbox 628 1983 743 2010; x_wconf 78' lang='lat' dir='ltr'><strong>violenta</strong></span> <span class='ocrx_word' id='word_1_296' title='bbox 755 1983 905 2018; x_wconf 87' lang='lat' dir='ltr'><strong>irruptione</strong></span> <span class='ocrx_word' id='word_1_297' title='bbox 921 1984 1003 2016; x_wconf 80' lang='lat' dir='ltr'><strong>facta.</strong></span> 
     </span>
    </p>
   </div>
   <div class='ocr_carea' id='block_1_46' title="bbox 211 2030 1005 2066">
    <p class='ocr_par' dir='ltr' id='par_1_46' title="bbox 211 2030 1005 2066">
     <span class='ocr_line' id='line_1_46' title="bbox 211 2030 1005 2066; baseline 0.001 -9"><span class='ocrx_word' id='word_1_298' title='bbox 211 2030 357 2057; x_wconf 88' lang='lat' dir='ltr'><strong>secundam</strong></span> <span class='ocrx_word' id='word_1_299' title='bbox 386 2030 520 2057; x_wconf 82' lang='lat' dir='ltr'><strong>fortunam</strong></span> <span class='ocrx_word' id='word_1_300' title='bbox 544 2030 672 2064; x_wconf 78' lang='lat' dir='ltr'><strong>experiri,</strong></span> <span class='ocrx_word' id='word_1_301' title='bbox 694 2030 808 2058; x_wconf 83' lang='lat' dir='ltr'><strong>Romani</strong></span> <span class='ocrx_word' id='word_1_302' title='bbox 835 2032 1005 2066; x_wconf 86' lang='lat' dir='ltr'><strong>imperatoris</strong></span> 
     </span>
    </p>
   </div>
   <div class='ocr_carea' id='block_1_47' title="bbox 211 2076 999 2111">
    <p class='ocr_par' dir='ltr' id='par_1_47' title="bbox 211 2076 999 2111">
     <span class='ocr_line' id='line_1_47' title="bbox 211 2076 999 2111; baseline 0.001 -8"><span class='ocrx_word' id='word_1_303' title='bbox 211 2076 296 2110; x_wconf 73' lang='lat' dir='ltr'><strong>copiae</strong></span> <span class='ocrx_word' id='word_1_304' title='bbox 312 2080 386 2111; x_wconf 88' lang='lat' dir='ltr'><strong>terga</strong></span> <span class='ocrx_word' id='word_1_305' title='bbox 409 2080 515 2103; x_wconf 85' lang='lat' dir='ltr'><strong>vertere</strong></span> <span class='ocrx_word' id='word_1_306' title='bbox 535 2081 686 2111; x_wconf 78' lang='lat' dir='ltr'><strong>cmpernnt.</strong></span> <span class='ocrx_word' id='word_1_307' title='bbox 709 2076 844 2103; x_wconf 79' lang='lat' dir='ltr'><strong>Caeterum</strong></span> <span class='ocrx_word' id='word_1_308' title='bbox 871 2078 933 2111; x_wconf 88' lang='lat' dir='ltr'><strong>quia</strong></span> <span class='ocrx_word' id='word_1_309' title='bbox 953 2085 999 2105; x_wconf 74' lang='lat' dir='ltr'><strong>rex</strong></span> 
     </span>
    </p>
   </div>
   <div class='ocr_carea' id='block_1_48' title="bbox 211 2120 1004 2155">
    <p class='ocr_par' dir='ltr' id='par_1_48' title="bbox 211 2120 1004 2155">
     <span class='ocr_line' id='line_1_48' title="bbox 211 2120 1004 2155; baseline 0.004 -9"><span class='ocrx_word' id='word_1_310' title='bbox 211 2120 380 2147; x_wconf 70' lang='lat' dir='ltr'><strong>defectorum</strong></span> <span class='ocrx_word' id='word_1_311' title='bbox 396 2120 578 2155; x_wconf 85' lang='lat' dir='ltr'><strong>imperaverat</strong></span> <span class='ocrx_word' id='word_1_312' title='bbox 600 2121 700 2152; x_wconf 83' lang='lat' dir='ltr'><strong>edicto.</strong></span> <span class='ocrx_word' id='word_1_313' title='bbox 724 2126 754 2148; x_wconf 89' lang='lat' dir='ltr'><strong>ut</strong></span> <span class='ocrx_word' id='word_1_314' title='bbox 775 2121 903 2148; x_wconf 89' lang='lat' dir='ltr'><strong>ontnibus</strong></span> <span class='ocrx_word' id='word_1_315' title='bbox 927 2129 1004 2149; x_wconf 90' lang='lat' dir='ltr'><strong>arma</strong></span> 
     </span>
    </p>
   </div>
   <div class='ocr_carea' id='block_1_49' title="bbox 211 2166 1005 2202">
    <p class='ocr_par' dir='ltr' id='par_1_49' title="bbox 211 2166 1005 2202">
     <span class='ocr_line' id='line_1_49' title="bbox 211 2166 1005 2202; baseline 0.004 -9"><span class='ocrx_word' id='word_1_316' title='bbox 211 2166 401 2200; x_wconf 83' lang='lat' dir='ltr'><strong>abjicientibns</strong></span> <span class='ocrx_word' id='word_1_317' title='bbox 429 2172 596 2201; x_wconf 81' lang='lat' dir='ltr'><strong>parceretur,</strong></span> <span class='ocrx_word' id='word_1_318' title='bbox 617 2167 685 2194; x_wconf 87' lang='lat' dir='ltr'><strong>bona</strong></span> <span class='ocrx_word' id='word_1_319' title='bbox 713 2174 778 2202; x_wconf 82' lang='lat' dir='ltr'><strong>pars</strong></span> <span class='ocrx_word' id='word_1_320' title='bbox 794 2169 827 2195; x_wconf 86' lang='lat' dir='ltr'><strong>iis</strong></span> <span class='ocrx_word' id='word_1_321' title='bbox 841 2168 954 2201; x_wconf 72' lang='lat' dir='ltr'><strong>abiectis</strong></span> <span class='ocrx_word' id='word_1_322' title='bbox 978 2169 1005 2196; x_wconf 92' lang='lat' dir='ltr'><strong>in</strong></span> 
     </span>
    </p>
   </div>
   <div class='ocr_carea' id='block_1_50' title="bbox 1044 251 1848 290">
    <p class='ocr_par' dir='ltr' id='par_1_50' title="bbox 1044 251 1848 290">
     <span class='ocr_line' id='line_1_50' title="bbox 1044 251 1848 290; baseline -0.005 -9"><span class='ocrx_word' id='word_1_323' title='bbox 1044 256 1116 290; x_wconf 82' lang='grc' dir='ltr'>φυγῇ</span> <span class='ocrx_word' id='word_1_324' title='bbox 1131 254 1209 290; x_wconf 85' lang='grc' dir='ltr'>μόλις</span> <span class='ocrx_word' id='word_1_325' title='bbox 1231 254 1434 281; x_wconf 85' lang='grc' dir='ltr'>διασωθέντων.</span> <span class='ocrx_word' id='word_1_326' title='bbox 1462 253 1517 280; x_wconf 71' lang='grc' dir='ltr'><strong>Καὶ</strong></span> <span class='ocrx_word' id='word_1_327' title='bbox 1532 254 1555 279; x_wconf 83' lang='grc' dir='ltr'>οἱ</span> <span class='ocrx_word' id='word_1_328' title='bbox 1578 251 1731 279; x_wconf 80' lang='grc' dir='ltr'><strong>ἀποστάται</strong></span> <span class='ocrx_word' id='word_1_329' title='bbox 1750 251 1848 278; x_wconf 75' lang='grc' dir='ltr'>ὅπλων</span> 
     </span>
    </p>
   </div>
   <div class='ocr_carea' id='block_1_51' title="bbox 1043 296 1849 336">
    <p class='ocr_par' dir='ltr' id='par_1_51' title="bbox 1043 296 1849 336">
     <span class='ocr_line' id='line_1_51' title="bbox 1043 296 1849 336; baseline -0.005 -10"><span class='ocrx_word' id='word_1_330' title='bbox 1043 306 1073 326; x_wconf 87' lang='grc' dir='ltr'><strong>τε</strong></span> <span class='ocrx_word' id='word_1_331' title='bbox 1086 300 1288 336; x_wconf 85' lang='grc' dir='ltr'>εὐπορήσαντες</span> <span class='ocrx_word' id='word_1_332' title='bbox 1294 299 1430 326; x_wconf 88' lang='grc' dir='ltr'>τοσούτων</span> <span class='ocrx_word' id='word_1_333' title='bbox 1441 297 1539 333; x_wconf 83' lang='grc' dir='ltr'>ἀθρόον</span> <span class='ocrx_word' id='word_1_334' title='bbox 1554 297 1601 324; x_wconf 76' lang='grc' dir='ltr'>καὶ</span> <span class='ocrx_word' id='word_1_335' title='bbox 1613 297 1703 332; x_wconf 82' lang='grc' dir='ltr'>νίκης,</span> <span class='ocrx_word' id='word_1_336' title='bbox 1715 296 1849 331; x_wconf 84' lang='grc' dir='ltr'>θρασύτε-</span> 
     </span>
    </p>
   </div>
   <div class='ocr_carea' id='block_1_52' title="bbox 1045 341 1849 380">
    <p class='ocr_par' dir='ltr' id='par_1_52' title="bbox 1045 341 1849 380">
     <span class='ocr_line' id='line_1_52' title="bbox 1045 341 1849 380; baseline -0.004 -9"><span class='ocrx_word' id='word_1_337' title='bbox 1045 353 1092 379; x_wconf 97' lang='grc' dir='ltr'><strong>ρον</strong></span> <span class='ocrx_word' id='word_1_338' title='bbox 1107 344 1214 380; x_wconf 76' lang='grc' dir='ltr'><strong>εἴχοντο</strong></span> <span class='ocrx_word' id='word_1_339' title='bbox 1228 344 1283 372; x_wconf 90' lang='grc' dir='ltr'><strong>τῶν</strong></span> <span class='ocrx_word' id='word_1_340' title='bbox 1299 344 1399 380; x_wconf 78' lang='grc' dir='ltr'>ἔργων,</span> <span class='ocrx_word' id='word_1_341' title='bbox 1414 344 1462 370; x_wconf 72' lang='grc' dir='ltr'>καὶ</span> <span class='ocrx_word' id='word_1_342' title='bbox 1478 343 1580 374; x_wconf 85' lang='grc' dir='ltr'>πάντες</span> <span class='ocrx_word' id='word_1_343' title='bbox 1588 343 1641 369; x_wconf 88' lang='grc' dir='ltr'><strong>τῶν</strong></span> <span class='ocrx_word' id='word_1_344' title='bbox 1659 341 1764 369; x_wconf 86' lang='grc' dir='ltr'>δούλων</span> <span class='ocrx_word' id='word_1_345' title='bbox 1779 343 1849 377; x_wconf 77' lang='grc' dir='ltr'>ἐμε-</span> 
     </span>
    </p>
   </div>
   <div class='ocr_carea' id='block_1_53' title="bbox 1045 388 1850 426">
    <p class='ocr_par' dir='ltr' id='par_1_53' title="bbox 1045 388 1850 426">
     <span class='ocr_line' id='line_1_53' title="bbox 1045 388 1850 426; baseline -0.004 -9"><span class='ocrx_word' id='word_1_346' title='bbox 1045 391 1209 426; x_wconf 83' lang='grc' dir='ltr'>τεωρίζοντο</span> <span class='ocrx_word' id='word_1_347' title='bbox 1223 391 1292 426; x_wconf 81' lang='grc' dir='ltr'>πρὸς</span> <span class='ocrx_word' id='word_1_348' title='bbox 1305 391 1466 418; x_wconf 86' lang='grc' dir='ltr'>ἀπόστασιν.</span> <span class='ocrx_word' id='word_1_349' title='bbox 1482 389 1539 417; x_wconf 74' lang='grc' dir='ltr'><strong>Καὶ</strong></span> <span class='ocrx_word' id='word_1_350' title='bbox 1547 388 1653 415; x_wconf 83' lang='grc' dir='ltr'>πολλῶν</span> <span class='ocrx_word' id='word_1_351' title='bbox 1663 388 1726 415; x_wconf 73' lang='grc' dir='ltr'>καθ’</span> <span class='ocrx_word' id='word_1_352' title='bbox 1737 388 1850 424; x_wconf 78' lang='grc' dir='ltr'>ἡμέραν</span> 
     </span>
    </p>
   </div>
   <div class='ocr_carea' id='block_1_54' title="bbox 1049 432 1849 470">
    <p class='ocr_par' dir='ltr' id='par_1_54' title="bbox 1049 432 1849 470">
     <span class='ocr_line' id='line_1_54' title="bbox 1049 432 1849 470; baseline -0.008 -8"><span class='ocrx_word' id='word_1_353' title='bbox 1049 435 1245 470; x_wconf 79' lang='grc' dir='ltr'><strong>ἀφισταμένων</strong></span> <span class='ocrx_word' id='word_1_354' title='bbox 1274 435 1408 470; x_wconf 85' lang='grc' dir='ltr'>σύντομον</span> <span class='ocrx_word' id='word_1_355' title='bbox 1434 434 1483 461; x_wconf 76' lang='grc' dir='ltr'>καὶ</span> <span class='ocrx_word' id='word_1_356' title='bbox 1510 433 1662 468; x_wconf 78' lang='grc' dir='ltr'>παράδοξον</span> <span class='ocrx_word' id='word_1_357' title='bbox 1689 432 1849 467; x_wconf 75' lang='grc' dir='ltr'>ὲλάμὸανον</span> 
     </span>
    </p>
   </div>
   <div class='ocr_carea' id='block_1_55' title="bbox 1053 477 1849 516">
    <p class='ocr_par' dir='ltr' id='par_1_55' title="bbox 1053 477 1849 516">
     <span class='ocr_line' id='line_1_55' title="bbox 1053 477 1849 516; baseline -0.006 -8"><span class='ocrx_word' id='word_1_358' title='bbox 1053 480 1180 516; x_wconf 76' lang='grc' dir='ltr'>αὕξησιν,</span> <span class='ocrx_word' id='word_1_359' title='bbox 1196 482 1234 513; x_wconf 86' lang='grc' dir='ltr'>ὼς</span> <span class='ocrx_word' id='word_1_360' title='bbox 1248 481 1278 508; x_wconf 81' lang='grc' dir='ltr'>ἐν</span> <span class='ocrx_word' id='word_1_361' title='bbox 1303 481 1409 514; x_wconf 76' lang='grc' dir='ltr'>ὀλίγαις</span> <span class='ocrx_word' id='word_1_362' title='bbox 1435 480 1553 516; x_wconf 81' lang='grc' dir='ltr'><strong>ἡμέραις</strong></span> <span class='ocrx_word' id='word_1_363' title='bbox 1578 478 1688 510; x_wconf 86' lang='grc' dir='ltr'>πλείους</span> <span class='ocrx_word' id='word_1_364' title='bbox 1719 477 1849 512; x_wconf 77' lang='grc' dir='ltr'>γενέσθαι</span> 
     </span>
    </p>
   </div>
   <div class='ocr_carea' id='block_1_56' title="bbox 1047 522 1849 560">
    <p class='ocr_par' dir='ltr' id='par_1_56' title="bbox 1047 522 1849 560">
     <span class='ocr_line' id='line_1_56' title="bbox 1047 522 1849 560; baseline -0.001 -10"><span class='ocrx_word' id='word_1_365' title='bbox 1047 524 1102 551; x_wconf 85' lang='grc' dir='ltr'><strong>τῶν</strong></span> <span class='ocrx_word' id='word_1_366' title='bbox 1121 523 1324 559; x_wconf 77' lang='grc' dir='ltr'>ἑξακισχιλίων,</span> <span class='ocrx_word' id='word_1_367' title='bbox 1342 525 1387 552; x_wconf 80' lang='grc' dir='ltr'>ὅτε</span> <span class='ocrx_word' id='word_1_368' title='bbox 1398 524 1430 560; x_wconf 83' lang='grc' dir='ltr'><strong>δὴ</strong></span> <span class='ocrx_word' id='word_1_369' title='bbox 1451 525 1500 551; x_wconf 78' lang='grc' dir='ltr'>καὶ</span> <span class='ocrx_word' id='word_1_370' title='bbox 1525 525 1565 555; x_wconf 80' lang='grc' dir='ltr'><strong>εἰς</strong></span> <span class='ocrx_word' id='word_1_371' title='bbox 1574 523 1737 558; x_wconf 51' lang='grc' dir='ltr'>*ἐκκλησίαν</span> <span class='ocrx_word' id='word_1_372' title='bbox 1751 522 1849 549; x_wconf 82' lang='grc' dir='ltr'>συνελ-</span> 
     </span>
    </p>
   </div>
   <div class='ocr_carea' id='block_1_57' title="bbox 1049 569 1849 606">
    <p class='ocr_par' dir='ltr' id='par_1_57' title="bbox 1049 569 1849 606">
     <span class='ocr_line' id='line_1_57' title="bbox 1049 569 1849 606; baseline -0.003 -9"><span class='ocrx_word' id='word_1_373' title='bbox 1049 571 1142 603; x_wconf 82' lang='grc' dir='ltr'>θόντες</span> <span class='ocrx_word' id='word_1_374' title='bbox 1159 571 1207 598; x_wconf 82' lang='grc' dir='ltr'>καὶ</span> <span class='ocrx_word' id='word_1_375' title='bbox 1221 571 1319 606; x_wconf 82' lang='grc' dir='ltr'>βουλῆς</span> <span class='ocrx_word' id='word_1_376' title='bbox 1332 570 1512 606; x_wconf 80' lang='grc' dir='ltr'><strong>προτεθείσης</strong></span> <span class='ocrx_word' id='word_1_377' title='bbox 1522 569 1631 606; x_wconf 87' lang='grc' dir='ltr'>πρῶτον</span> <span class='ocrx_word' id='word_1_378' title='bbox 1641 569 1692 604; x_wconf 79' lang='grc' dir='ltr'>μὲν</span> <span class='ocrx_word' id='word_1_379' title='bbox 1702 570 1815 596; x_wconf 82' lang='grc' dir='ltr'>εἵλαντο</span> <span class='ocrx_word' id='word_1_380' title='bbox 1826 569 1849 584; x_wconf 80' lang='grc'><strong>⁵⁸</strong></span> 
     </span>
    </p>
   </div>
   <div class='ocr_carea' id='block_1_58' title="bbox 1051 615 1851 652">
    <p class='ocr_par' dir='ltr' id='par_1_58' title="bbox 1051 615 1851 652">
     <span class='ocr_line' id='line_1_58' title="bbox 1051 615 1851 652; baseline -0.001 -9"><span class='ocrx_word' id='word_1_381' title='bbox 1051 615 1165 651; x_wconf 82' lang='grc' dir='ltr'>βασιλέα</span> <span class='ocrx_word' id='word_1_382' title='bbox 1180 617 1226 643; x_wconf 79' lang='grc' dir='ltr'>τὸν</span> <span class='ocrx_word' id='word_1_383' title='bbox 1254 616 1455 652; x_wconf 76' lang='grc' dir='ltr'>ὀνομαζόμενον</span> <span class='ocrx_word' id='word_1_384' title='bbox 1483 615 1622 647; x_wconf 79' lang='grc' dir='ltr'>Σαλούϊον,</span> <span class='ocrx_word' id='word_1_385' title='bbox 1638 615 1775 642; x_wconf 81' lang='grc' dir='ltr'>δοκοῦντα</span> <span class='ocrx_word' id='word_1_386' title='bbox 1800 616 1851 650; x_wconf 58' lang='lat' dir='ltr'><strong>ei:</strong></span> 
     </span>
    </p>
   </div>
   <div class='ocr_carea' id='block_1_59' title="bbox 1052 659 1852 698">
    <p class='ocr_par' dir='ltr' id='par_1_59' title="bbox 1052 659 1852 698">
     <span class='ocr_line' id='line_1_59' title="bbox 1052 659 1852 698; baseline -0.001 -10"><span class='ocrx_word' id='word_1_387' title='bbox 1052 662 1228 697; x_wconf 74' lang='grc' dir='ltr'>ἱεροσκοπίας</span> <span class='ocrx_word' id='word_1_388' title='bbox 1253 662 1386 698; x_wconf 79' lang='grc' dir='ltr'>ἔμπειρον</span> <span class='ocrx_word' id='word_1_389' title='bbox 1408 659 1479 688; x_wconf 75' lang='grc' dir='ltr'>εἶναι</span> <span class='ocrx_word' id='word_1_390' title='bbox 1508 662 1555 688; x_wconf 74' lang='grc' dir='ltr'>καὶ</span> <span class='ocrx_word' id='word_1_391' title='bbox 1567 663 1627 692; x_wconf 84' lang='grc' dir='ltr'>ταῖς</span> <span class='ocrx_word' id='word_1_392' title='bbox 1637 661 1659 678; x_wconf 84' lang='grc'><strong><em>⁵⁵</em></strong></span> <span class='ocrx_word' id='word_1_393' title='bbox 1676 661 1852 695; x_wconf 76' lang='grc' dir='ltr'>γυναικείαις</span> 
     </span>
    </p>
   </div>
   <div class='ocr_carea' id='block_1_60' title="bbox 1051 704 1853 741">
    <p class='ocr_par' dir='ltr' id='par_1_60' title="bbox 1051 704 1853 741">
     <span class='ocr_line' id='line_1_60' title="bbox 1051 704 1853 741; baseline -0.002 -8"><span class='ocrx_word' id='word_1_394' title='bbox 1051 706 1127 738; x_wconf 74' lang='grc' dir='ltr'>θέαις</span> <span class='ocrx_word' id='word_1_395' title='bbox 1151 706 1368 741; x_wconf 80' lang='grc' dir='ltr'>αὐλομανοῦντα.</span> <span class='ocrx_word' id='word_1_396' title='bbox 1397 704 1482 738; x_wconf 78' lang='grc' dir='ltr'>Οὗτος</span> <span class='ocrx_word' id='word_1_397' title='bbox 1519 706 1682 741; x_wconf 80' lang='grc' dir='ltr'>βασιλεύσας</span> <span class='ocrx_word' id='word_1_398' title='bbox 1720 706 1772 737; x_wconf 80' lang='grc' dir='ltr'><strong>τὰς</strong></span> <span class='ocrx_word' id='word_1_399' title='bbox 1800 705 1853 740; x_wconf 79' lang='grc' dir='ltr'>μὲν</span> 
     </span>
    </p>
   </div>
   <div class='ocr_carea' id='block_1_61' title="bbox 1052 751 1853 788">
    <p class='ocr_par' dir='ltr' id='par_1_61' title="bbox 1052 751 1853 788">
     <span class='ocr_line' id='line_1_61' title="bbox 1052 751 1853 788; baseline -0.001 -9"><span class='ocrx_word' id='word_1_400' title='bbox 1052 752 1146 784; x_wconf 83' lang='grc' dir='ltr'>πόλεις</span> <span class='ocrx_word' id='word_1_401' title='bbox 1167 752 1268 788; x_wconf 78' lang='grc' dir='ltr'>ἀργίας</span> <span class='ocrx_word' id='word_1_402' title='bbox 1296 754 1344 780; x_wconf 81' lang='grc' dir='ltr'>καὶ</span> <span class='ocrx_word' id='word_1_403' title='bbox 1357 753 1470 788; x_wconf 80' lang='grc' dir='ltr'>’τρυφῆς</span> <span class='ocrx_word' id='word_1_404' title='bbox 1487 752 1605 788; x_wconf 79' lang='grc' dir='ltr'>νομίζων</span> <span class='ocrx_word' id='word_1_405' title='bbox 1629 751 1782 785; x_wconf 74' lang='grc' dir='ltr'>ἐξέκλινεν,</span> <span class='ocrx_word' id='word_1_406' title='bbox 1811 753 1853 783; x_wconf 83' lang='grc' dir='ltr'>εις</span> 
     </span>
    </p>
   </div>
   <div class='ocr_carea' id='block_1_62' title="bbox 1052 797 1852 834">
    <p class='ocr_par' dir='ltr' id='par_1_62' title="bbox 1052 797 1852 834">
     <span class='ocr_line' id='line_1_62' title="bbox 1052 797 1852 834; baseline -0.003 -9"><span class='ocrx_word' id='word_1_407' title='bbox 1052 799 1116 834; x_wconf 85' lang='grc' dir='ltr'>τρία</span> <span class='ocrx_word' id='word_1_408' title='bbox 1129 798 1158 825; x_wconf 83' lang='grc' dir='ltr'><strong>δὲ</strong></span> <span class='ocrx_word' id='word_1_409' title='bbox 1174 799 1289 834; x_wconf 80' lang='grc' dir='ltr'>μερίσας</span> <span class='ocrx_word' id='word_1_410' title='bbox 1299 799 1362 831; x_wconf 82' lang='grc' dir='ltr'>τοὺς</span> <span class='ocrx_word' id='word_1_411' title='bbox 1379 798 1547 830; x_wconf 85' lang='grc' dir='ltr'>ἀποστάτας,</span> <span class='ocrx_word' id='word_1_412' title='bbox 1568 799 1616 824; x_wconf 79' lang='grc' dir='ltr'>καὶ</span> <span class='ocrx_word' id='word_1_413' title='bbox 1641 798 1716 830; x_wconf 74' lang='grc' dir='ltr'>ἴσους</span> <span class='ocrx_word' id='word_1_414' title='bbox 1743 797 1852 833; x_wconf 79' lang='grc' dir='ltr'>ἡγεμό-</span> 
     </span>
    </p>
   </div>
   <div class='ocr_carea' id='block_1_63' title="bbox 1054 843 1852 881">
    <p class='ocr_par' dir='ltr' id='par_1_63' title="bbox 1054 843 1852 881">
     <span class='ocr_line' id='line_1_63' title="bbox 1054 843 1852 881; baseline 0 -11"><span class='ocrx_word' id='word_1_415' title='bbox 1054 852 1103 881; x_wconf 74' lang='grc' dir='ltr'><strong>νας</strong></span> <span class='ocrx_word' id='word_1_416' title='bbox 1117 844 1325 880; x_wconf 76' lang='grc' dir='ltr'>ἐγκαταστήσας</span> <span class='ocrx_word' id='word_1_417' title='bbox 1340 845 1399 876; x_wconf 84' lang='grc' dir='ltr'>ταῖς</span> <span class='ocrx_word' id='word_1_418' title='bbox 1421 844 1525 879; x_wconf 84' lang='grc' dir='ltr'>μερίσι,</span> <span class='ocrx_word' id='word_1_419' title='bbox 1544 843 1712 879; x_wconf 76' lang='grc' dir='ltr'>προσέταξεν</span> <span class='ocrx_word' id='word_1_420' title='bbox 1736 844 1852 870; x_wconf 70' lang='grc' dir='ltr'>ἐπιέναι</span> 
     </span>
    </p>
   </div>
   <div class='ocr_carea' id='block_1_64' title="bbox 1018 878 1853 925">
    <p class='ocr_par' dir='ltr' id='par_1_64' title="bbox 1018 878 1853 925">
     <span class='ocr_line' id='line_1_64' title="bbox 1018 878 1853 925; baseline 0.002 -10"><span class='ocrx_word' id='word_1_421' title='bbox 1018 878 1040 907; x_wconf 68' lang='grc' dir='ltr'><strong>Β</strong></span> <span class='ocrx_word' id='word_1_422' title='bbox 1053 878 1103 925; x_wconf 57' lang='grc' dir='ltr'><strong>τὴν</strong></span> <span class='ocrx_word' id='word_1_423' title='bbox 1117 889 1210 925; x_wconf 88' lang='grc' dir='ltr'>χώραν</span> <span class='ocrx_word' id='word_1_424' title='bbox 1225 878 1273 916; x_wconf 59' lang='grc' dir='ltr'><strong>καί</strong></span> <span class='ocrx_word' id='word_1_425' title='bbox 1285 889 1353 925; x_wconf 83' lang='grc' dir='ltr'>πρὸς</span> <span class='ocrx_word' id='word_1_426' title='bbox 1370 878 1517 917; x_wconf 18' lang='grc' dir='ltr'>ἔναντόπον</span> <span class='ocrx_word' id='word_1_427' title='bbox 1535 878 1581 917; x_wconf 79' lang='grc' dir='ltr'>καὶ</span> <span class='ocrx_word' id='word_1_428' title='bbox 1605 890 1701 925; x_wconf 71' lang='grc' dir='ltr'>καιρὸν</span> <span class='ocrx_word' id='word_1_429' title='bbox 1725 890 1853 922; x_wconf 77' lang='grc' dir='ltr'>ἅπαντας</span> 
     </span>
    </p>
   </div>
   <div class='ocr_carea' id='block_1_65' title="bbox 1055 935 1852 970">
    <p class='ocr_par' dir='ltr' id='par_1_65' title="bbox 1055 935 1852 970">
     <span class='ocr_line' id='line_1_65' title="bbox 1055 935 1852 970; baseline 0 -9"><span class='ocrx_word' id='word_1_430' title='bbox 1055 935 1188 967; x_wconf 71' lang='grc' dir='ltr'>ἀπαντᾶν.</span> <span class='ocrx_word' id='word_1_431' title='bbox 1216 935 1262 961; x_wconf 81' lang='grc' dir='ltr'>Διὸ</span> <span class='ocrx_word' id='word_1_432' title='bbox 1287 935 1392 962; x_wconf 83' lang='grc' dir='ltr'>πολλῶν</span> <span class='ocrx_word' id='word_1_433' title='bbox 1419 936 1451 962; x_wconf 85' lang='grc' dir='ltr'>ὲκ</span> <span class='ocrx_word' id='word_1_434' title='bbox 1472 936 1523 970; x_wconf 86' lang='grc' dir='ltr'>τῆς</span> <span class='ocrx_word' id='word_1_435' title='bbox 1541 936 1688 967; x_wconf 82' lang='grc' dir='ltr'>ὲπελασίας</span> <span class='ocrx_word' id='word_1_436' title='bbox 1705 936 1797 962; x_wconf 78' lang='grc' dir='ltr'>ἄλλων</span> <span class='ocrx_word' id='word_1_437' title='bbox 1823 944 1852 962; x_wconf 85' lang='grc' dir='ltr'><strong>τε</strong></span> 
     </span>
    </p>
   </div>
   <div class='ocr_carea' id='block_1_66' title="bbox 1055 979 1854 1017">
    <p class='ocr_par' dir='ltr' id='par_1_66' title="bbox 1055 979 1854 1017">
     <span class='ocr_line' id='line_1_66' title="bbox 1055 979 1854 1017; baseline 0.003 -11"><span class='ocrx_word' id='word_1_438' title='bbox 1055 979 1133 1012; x_wconf 83' lang='grc' dir='ltr'>ζώων</span> <span class='ocrx_word' id='word_1_439' title='bbox 1155 981 1202 1007; x_wconf 76' lang='grc' dir='ltr'>καὶ</span> <span class='ocrx_word' id='word_1_440' title='bbox 1232 980 1327 1007; x_wconf 73' lang='grc' dir='ltr'>ἵππων</span> <span class='ocrx_word' id='word_1_441' title='bbox 1347 981 1562 1016; x_wconf 82' lang='grc' dir='ltr'>εὐπορήσαντες,</span> <span class='ocrx_word' id='word_1_442' title='bbox 1588 982 1617 1008; x_wconf 78' lang='grc' dir='ltr'>ὲν</span> <span class='ocrx_word' id='word_1_443' title='bbox 1644 981 1730 1016; x_wconf 81' lang='grc' dir='ltr'>ὀλίγῳ</span> <span class='ocrx_word' id='word_1_444' title='bbox 1760 982 1854 1017; x_wconf 74' lang='grc' dir='ltr'>χρόνῳ</span> 
     </span>
    </p>
   </div>
   <div class='ocr_carea' id='block_1_67' title="bbox 1054 1026 1851 1064">
    <p class='ocr_par' dir='ltr' id='par_1_67' title="bbox 1054 1026 1851 1064">
     <span class='ocr_line' id='line_1_67' title="bbox 1054 1026 1851 1064; baseline 0.003 -12"><span class='ocrx_word' id='word_1_445' title='bbox 1054 1026 1316 1062; x_wconf 81' lang='grc' dir='ltr'>κατεσκευάσθησαν</span> <span class='ocrx_word' id='word_1_446' title='bbox 1343 1027 1437 1058; x_wconf 82' lang='grc' dir='ltr'>ἱππεῖς</span> <span class='ocrx_word' id='word_1_447' title='bbox 1454 1027 1503 1061; x_wconf 84' lang='grc' dir='ltr'>μὲν</span> <span class='ocrx_word' id='word_1_448' title='bbox 1516 1027 1582 1063; x_wconf 69' lang='grc'>[654</span> <span class='ocrx_word' id='word_1_449' title='bbox 1598 1027 1647 1064; x_wconf 87' lang='lat' dir='ltr'><strong>H.]</strong></span> <span class='ocrx_word' id='word_1_450' title='bbox 1666 1028 1782 1059; x_wconf 85' lang='grc' dir='ltr'>πλείους</span> <span class='ocrx_word' id='word_1_451' title='bbox 1794 1028 1851 1054; x_wconf 85' lang='grc' dir='ltr'><strong>τῶν</strong></span> 
     </span>
    </p>
   </div>
   <div class='ocr_carea' id='block_1_68' title="bbox 1054 1071 1853 1109">
    <p class='ocr_par' dir='ltr' id='par_1_68' title="bbox 1054 1071 1853 1109">
     <span class='ocr_line' id='line_1_68' title="bbox 1054 1071 1853 1109; baseline 0.005 -12"><span class='ocrx_word' id='word_1_452' title='bbox 1054 1071 1202 1106; x_wconf 86' lang='grc' dir='ltr'>δισχιλίων,</span> <span class='ocrx_word' id='word_1_453' title='bbox 1218 1072 1296 1104; x_wconf 76' lang='grc' dir='ltr'>πεζοὶ</span> <span class='ocrx_word' id='word_1_454' title='bbox 1307 1073 1336 1099; x_wconf 81' lang='grc' dir='ltr'><strong>δὲ</strong></span> <span class='ocrx_word' id='word_1_455' title='bbox 1364 1073 1414 1100; x_wconf 80' lang='grc' dir='ltr'>οὐκ</span> <span class='ocrx_word' id='word_1_456' title='bbox 1445 1073 1575 1105; x_wconf 75' lang='grc' dir='ltr'>ἐλάττους</span> <span class='ocrx_word' id='word_1_457' title='bbox 1601 1073 1655 1101; x_wconf 87' lang='grc' dir='ltr'><strong>τῶν</strong></span> <span class='ocrx_word' id='word_1_458' title='bbox 1685 1074 1853 1109; x_wconf 83' lang='grc' dir='ltr'>δισμυρίων,</span> 
     </span>
    </p>
   </div>
   <div class='ocr_carea' id='block_1_69' title="bbox 1054 1117 1852 1156">
    <p class='ocr_par' dir='ltr' id='par_1_69' title="bbox 1054 1117 1852 1156">
     <span class='ocr_line' id='line_1_69' title="bbox 1054 1117 1852 1156; baseline 0.006 -13"><span class='ocrx_word' id='word_1_459' title='bbox 1054 1117 1104 1153; x_wconf 67' lang='grc' dir='ltr'>ἤδη</span> <span class='ocrx_word' id='word_1_460' title='bbox 1134 1118 1180 1144; x_wconf 72' lang='grc' dir='ltr'>καὶ</span> <span class='ocrx_word' id='word_1_461' title='bbox 1211 1119 1377 1153; x_wconf 84' lang='grc' dir='ltr'>γυμνασίαις</span> <span class='ocrx_word' id='word_1_462' title='bbox 1414 1119 1578 1154; x_wconf 82' lang='grc' dir='ltr'>πολεμικαῖς</span> <span class='ocrx_word' id='word_1_463' title='bbox 1607 1120 1852 1156; x_wconf 76' lang='grc' dir='ltr'>ὲνδιαπρέποντες.</span> 
     </span>
    </p>
   </div>
   <div class='ocr_carea' id='block_1_70' title="bbox 1055 1163 1854 1202">
    <p class='ocr_par' dir='ltr' id='par_1_70' title="bbox 1055 1163 1854 1202">
     <span class='ocr_line' id='line_1_70' title="bbox 1055 1163 1854 1202; baseline 0.006 -13"><span class='ocrx_word' id='word_1_464' title='bbox 1055 1163 1259 1198; x_wconf 80' lang='grc' dir='ltr'>Προσπεσόντες</span> <span class='ocrx_word' id='word_1_465' title='bbox 1279 1163 1326 1192; x_wconf 78' lang='grc' dir='ltr'>οὖν</span> <span class='ocrx_word' id='word_1_466' title='bbox 1348 1164 1425 1199; x_wconf 74' lang='grc' dir='ltr'>ἄφνω</span> <span class='ocrx_word' id='word_1_467' title='bbox 1444 1165 1521 1192; x_wconf 83' lang='grc' dir='ltr'>πόλει</span> <span class='ocrx_word' id='word_1_468' title='bbox 1552 1167 1638 1202; x_wconf 78' lang='grc' dir='ltr'>ὀχυρᾷ</span> <span class='ocrx_word' id='word_1_469' title='bbox 1653 1167 1832 1202; x_wconf 83' lang='grc' dir='ltr'>Μοργαντίνῃ</span> <span class='ocrx_word' id='word_1_470' title='bbox 1844 1187 1854 1199; x_wconf 81' lang='lat'><strong>,</strong></span> 
     </span>
    </p>
   </div>
   <div class='ocr_carea' id='block_1_71' title="bbox 1055 1208 1854 1246">
    <p class='ocr_par' dir='ltr' id='par_1_71' title="bbox 1055 1208 1854 1246">
     <span class='ocr_line' id='line_1_71' title="bbox 1055 1208 1854 1246; baseline 0.008 -13"><span class='ocrx_word' id='word_1_471' title='bbox 1055 1208 1209 1243; x_wconf 74' lang='grc' dir='ltr'>προσϐολὰς</span> <span class='ocrx_word' id='word_1_472' title='bbox 1227 1209 1350 1244; x_wconf 80' lang='grc' dir='ltr'>ὲνεργεῖς</span> <span class='ocrx_word' id='word_1_473' title='bbox 1378 1211 1426 1237; x_wconf 84' lang='grc' dir='ltr'>καὶ</span> <span class='ocrx_word' id='word_1_474' title='bbox 1456 1212 1577 1246; x_wconf 83' lang='grc' dir='ltr'>συνεχεῖς</span> <span class='ocrx_word' id='word_1_475' title='bbox 1604 1212 1756 1239; x_wconf 80' lang='grc' dir='ltr'>ἐποιοῦντο.</span> <span class='ocrx_word' id='word_1_476' title='bbox 1780 1213 1810 1239; x_wconf 82' lang='grc' dir='ltr'>Ὀ</span> <span class='ocrx_word' id='word_1_477' title='bbox 1824 1213 1854 1239; x_wconf 76' lang='grc' dir='ltr'><strong>δὲ</strong></span> 
     </span>
    </p>
   </div>
   <div class='ocr_carea' id='block_1_72' title="bbox 1055 1255 1855 1292">
    <p class='ocr_par' dir='ltr' id='par_1_72' title="bbox 1055 1255 1855 1292">
     <span class='ocr_line' id='line_1_72' title="bbox 1055 1255 1855 1292; baseline 0.005 -11"><span class='ocrx_word' id='word_1_478' title='bbox 1055 1255 1208 1290; x_wconf 67' lang='grc' dir='ltr'>στρατηγὸς</span> <span class='ocrx_word' id='word_1_479' title='bbox 1224 1255 1262 1288; x_wconf 81' lang='grc' dir='ltr'>ὡς</span> <span class='ocrx_word' id='word_1_480' title='bbox 1276 1255 1417 1292; x_wconf 84' lang='grc' dir='ltr'>βοηθήσων</span> <span class='ocrx_word' id='word_1_481' title='bbox 1431 1257 1453 1272; x_wconf 78' lang='grc'><strong>⁸⁸</strong></span> <span class='ocrx_word' id='word_1_482' title='bbox 1463 1258 1495 1292; x_wconf 85' lang='grc' dir='ltr'>τῇ</span> <span class='ocrx_word' id='word_1_483' title='bbox 1512 1257 1588 1284; x_wconf 84' lang='grc' dir='ltr'>πόλει</span> <span class='ocrx_word' id='word_1_484' title='bbox 1606 1258 1741 1288; x_wconf 80' lang='grc' dir='ltr'>ἐπελθὼν,</span> <span class='ocrx_word' id='word_1_485' title='bbox 1756 1268 1855 1285; x_wconf 78' lang='grc' dir='ltr'>νυκτο-</span> 
     </span>
    </p>
   </div>
   <div class='ocr_carea' id='block_1_73' title="bbox 1054 1301 1856 1341">
    <p class='ocr_par' dir='ltr' id='par_1_73' title="bbox 1054 1301 1856 1341">
     <span class='ocr_line' id='line_1_73' title="bbox 1054 1301 1856 1341; baseline 0.007 -15"><span class='ocrx_word' id='word_1_486' title='bbox 1054 1301 1137 1335; x_wconf 83' lang='grc' dir='ltr'>πορίᾳ</span> <span class='ocrx_word' id='word_1_487' title='bbox 1154 1301 1175 1316; x_wconf 82' lang='grc'><strong>⁵⁷</strong></span> <span class='ocrx_word' id='word_1_488' title='bbox 1194 1302 1377 1337; x_wconf 82' lang='grc' dir='ltr'>χρησάμενος,</span> <span class='ocrx_word' id='word_1_489' title='bbox 1413 1302 1483 1338; x_wconf 79' lang='grc' dir='ltr'>ἔχων</span> <span class='ocrx_word' id='word_1_490' title='bbox 1512 1304 1572 1339; x_wconf 78' lang='grc' dir='ltr'>μεθ’</span> <span class='ocrx_word' id='word_1_491' title='bbox 1586 1304 1684 1331; x_wconf 74' lang='grc' dir='ltr'>ἑαυτοῦ</span> <span class='ocrx_word' id='word_1_492' title='bbox 1709 1304 1795 1340; x_wconf 74' lang='grc'><strong>[1177</strong></span> <span class='ocrx_word' id='word_1_493' title='bbox 1809 1305 1856 1341; x_wconf 73' lang='lat' dir='ltr'><strong>[L]</strong></span> 
     </span>
    </p>
   </div>
   <div class='ocr_carea' id='block_1_74' title="bbox 1063 1346 1856 1386">
    <p class='ocr_par' dir='ltr' id='par_1_74' title="bbox 1063 1346 1856 1386">
     <span class='ocr_line' id='line_1_74' title="bbox 1063 1346 1856 1386; baseline 0.006 -14"><span class='ocrx_word' id='word_1_494' title='bbox 1063 1346 1218 1378; x_wconf 78' lang='grc' dir='ltr'>Ἰταλιώτας</span> <span class='ocrx_word' id='word_1_495' title='bbox 1232 1356 1262 1374; x_wconf 89' lang='grc' dir='ltr'><strong>τε</strong></span> <span class='ocrx_word' id='word_1_496' title='bbox 1281 1348 1329 1374; x_wconf 81' lang='grc' dir='ltr'>καὶ</span> <span class='ocrx_word' id='word_1_497' title='bbox 1354 1348 1386 1374; x_wconf 72' lang='grc' dir='ltr'>ἐκ</span> <span class='ocrx_word' id='word_1_498' title='bbox 1409 1349 1534 1381; x_wconf 81' lang='grc' dir='ltr'>Σικελίας</span> <span class='ocrx_word' id='word_1_499' title='bbox 1564 1350 1657 1385; x_wconf 52' lang='grc' dir='ltr'>σχεδον</span> <span class='ocrx_word' id='word_1_500' title='bbox 1679 1351 1856 1386; x_wconf 82' lang='grc' dir='ltr'>στρατιώτας</span> 
     </span>
    </p>
   </div>
   <div class='ocr_carea' id='block_1_75' title="bbox 1057 1392 1856 1432">
    <p class='ocr_par' dir='ltr' id='par_1_75' title="bbox 1057 1392 1856 1432">
     <span class='ocr_line' id='line_1_75' title="bbox 1057 1392 1856 1432; baseline 0.008 -14"><span class='ocrx_word' id='word_1_501' title='bbox 1057 1392 1181 1428; x_wconf 81' lang='grc' dir='ltr'>μυρίους,</span> <span class='ocrx_word' id='word_1_502' title='bbox 1199 1393 1333 1421; x_wconf 79' lang='grc' dir='ltr'>κατέλαϐε</span> <span class='ocrx_word' id='word_1_503' title='bbox 1349 1394 1372 1410; x_wconf 78' lang='grc'><em>⁸⁵</em></span> <span class='ocrx_word' id='word_1_504' title='bbox 1386 1395 1449 1427; x_wconf 84' lang='grc' dir='ltr'>τοὺς</span> <span class='ocrx_word' id='word_1_505' title='bbox 1463 1396 1618 1428; x_wconf 80' lang='grc' dir='ltr'>ἀποστάτας</span> <span class='ocrx_word' id='word_1_506' title='bbox 1633 1397 1856 1432; x_wconf 78' lang='grc' dir='ltr'>ἀσχολουμένους</span> 
     </span>
    </p>
   </div>
   <div class='ocr_carea' id='block_1_76' title="bbox 1054 1438 1857 1479">
    <p class='ocr_par' dir='ltr' id='par_1_76' title="bbox 1054 1438 1857 1479">
     <span class='ocr_line' id='line_1_76' title="bbox 1054 1438 1857 1479; baseline 0.009 -16"><span class='ocrx_word' id='word_1_507' title='bbox 1054 1438 1120 1473; x_wconf 77' lang='grc' dir='ltr'>περὶ</span> <span class='ocrx_word' id='word_1_508' title='bbox 1136 1438 1186 1474; x_wconf 80' lang='grc' dir='ltr'>τὴν</span> <span class='ocrx_word' id='word_1_509' title='bbox 1205 1439 1364 1474; x_wconf 79' lang='grc' dir='ltr'>πολιορκίαν</span> <span class='ocrx_word' id='word_1_510' title='bbox 1384 1441 1418 1474; x_wconf 70' lang='grc' dir='ltr'><strong>δ’,</strong></span> <span class='ocrx_word' id='word_1_511' title='bbox 1446 1443 1493 1469; x_wconf 74' lang='grc' dir='ltr'>καὶ</span> <span class='ocrx_word' id='word_1_512' title='bbox 1520 1442 1679 1476; x_wconf 75' lang='grc' dir='ltr'>ἐπιθέμενος</span> <span class='ocrx_word' id='word_1_513' title='bbox 1698 1444 1792 1470; x_wconf 70' lang='grc' dir='ltr'>αὐτῶν</span> <span class='ocrx_word' id='word_1_514' title='bbox 1822 1446 1857 1479; x_wconf 81' lang='grc' dir='ltr'>τῇ</span> 
     </span>
    </p>
   </div>
   <div class='ocr_carea' id='block_1_77' title="bbox 1054 1484 1858 1523">
    <p class='ocr_par' dir='ltr' id='par_1_77' title="bbox 1054 1484 1858 1523">
     <span class='ocr_line' id='line_1_77' title="bbox 1054 1484 1858 1523; baseline 0.01 -14"><span class='ocrx_word' id='word_1_515' title='bbox 1054 1484 1225 1520; x_wconf 77' lang='grc' dir='ltr'>παρεμϐολῇ,</span> <span class='ocrx_word' id='word_1_516' title='bbox 1241 1485 1288 1512; x_wconf 81' lang='grc' dir='ltr'>καὶ</span> <span class='ocrx_word' id='word_1_517' title='bbox 1298 1486 1387 1521; x_wconf 78' lang='grc' dir='ltr'>εὑρὼν</span> <span class='ocrx_word' id='word_1_518' title='bbox 1396 1486 1502 1522; x_wconf 84' lang='grc' dir='ltr'>ὀλίγους</span> <span class='ocrx_word' id='word_1_519' title='bbox 1516 1488 1565 1522; x_wconf 77' lang='grc' dir='ltr'>μὲν</span> <span class='ocrx_word' id='word_1_520' title='bbox 1578 1489 1641 1520; x_wconf 83' lang='grc' dir='ltr'>τοὺς</span> <span class='ocrx_word' id='word_1_521' title='bbox 1654 1489 1858 1523; x_wconf 77' lang='grc' dir='ltr'>φυλάττοντας,</span> 
     </span>
    </p>
   </div>
   <div class='ocr_carea' id='block_1_78' title="bbox 1055 1529 1859 1570">
    <p class='ocr_par' dir='ltr' id='par_1_78' title="bbox 1055 1529 1859 1570">
     <span class='ocr_line' id='line_1_78' title="bbox 1055 1529 1859 1570; baseline 0.009 -15"><span class='ocrx_word' id='word_1_522' title='bbox 1055 1529 1156 1565; x_wconf 88' lang='grc' dir='ltr'>πλῆθος</span> <span class='ocrx_word' id='word_1_523' title='bbox 1171 1530 1199 1556; x_wconf 82' lang='grc' dir='ltr'><strong>δὲ</strong></span> <span class='ocrx_word' id='word_1_524' title='bbox 1224 1532 1363 1565; x_wconf 81' lang='grc' dir='ltr'>γυναικῶν</span> <span class='ocrx_word' id='word_1_525' title='bbox 1379 1533 1562 1568; x_wconf 75' lang='grc' dir='ltr'>αἰχμαλώτων</span> <span class='ocrx_word' id='word_1_526' title='bbox 1590 1535 1637 1561; x_wconf 76' lang='grc' dir='ltr'>καὶ</span> <span class='ocrx_word' id='word_1_527' title='bbox 1669 1534 1746 1566; x_wconf 90' lang='grc' dir='ltr'>λείας</span> <span class='ocrx_word' id='word_1_528' title='bbox 1771 1536 1859 1570; x_wconf 69' lang='grc' dir='ltr'>ἄλλης</span> 
     </span>
    </p>
   </div>
   <div class='ocr_carea' id='block_1_79' title="bbox 1485 1579 1857 1615">
    <p class='ocr_par' dir='ltr' id='par_1_79' title="bbox 1485 1579 1857 1615">
     <span class='ocr_line' id='line_1_79' title="bbox 1485 1579 1857 1615; baseline 0.011 -10"><span class='ocrx_word' id='word_1_529' title='bbox 1485 1579 1525 1606; x_wconf 88' lang='grc' dir='ltr'><strong>ῖλε</strong></span> <span class='ocrx_word' id='word_1_530' title='bbox 1551 1581 1601 1615; x_wconf 79' lang='grc' dir='ltr'>τὴν</span> <span class='ocrx_word' id='word_1_531' title='bbox 1628 1581 1857 1615; x_wconf 77' lang='grc' dir='ltr'>στρατοπεδείαν.</span> 
     </span>
    </p>
   </div>
   <div class='ocr_carea' id='block_1_80' title="bbox 1057 1624 1860 1663">
    <p class='ocr_par' dir='ltr' id='par_1_80' title="bbox 1057 1624 1860 1663">
     <span class='ocr_line' id='line_1_80' title="bbox 1057 1624 1860 1663; baseline 0.004 -12"><span class='ocrx_word' id='word_1_532' title='bbox 1057 1625 1111 1652; x_wconf 79' lang='grc' dir='ltr'><strong>Καὶ</strong></span> <span class='ocrx_word' id='word_1_533' title='bbox 1129 1624 1231 1659; x_wconf 86' lang='grc' dir='ltr'>ταύτην</span> <span class='ocrx_word' id='word_1_534' title='bbox 1247 1624 1297 1660; x_wconf 83' lang='grc' dir='ltr'>μὲν</span> <span class='ocrx_word' id='word_1_535' title='bbox 1309 1625 1472 1660; x_wconf 80' lang='grc' dir='ltr'>διήρπασεν,</span> <span class='ocrx_word' id='word_1_536' title='bbox 1487 1626 1534 1652; x_wconf 75' lang='grc' dir='ltr'><strong>ἐπὶ</strong></span> <span class='ocrx_word' id='word_1_537' title='bbox 1549 1626 1577 1652; x_wconf 75' lang='grc' dir='ltr'>δὲ</span> <span class='ocrx_word' id='word_1_538' title='bbox 1595 1627 1644 1662; x_wconf 85' lang='grc' dir='ltr'>τὴν</span> <span class='ocrx_word' id='word_1_539' title='bbox 1658 1628 1860 1663; x_wconf 72' lang='grc' dir='ltr'>Μοργαντίνην</span> 
     </span>
    </p>
   </div>
   <div class='ocr_carea' id='block_1_81' title="bbox 1055 1670 1860 1709">
    <p class='ocr_par' dir='ltr' id='par_1_81' title="bbox 1055 1670 1860 1709">
     <span class='ocr_line' id='line_1_81' title="bbox 1055 1670 1860 1709; baseline 0.005 -11"><span class='ocrx_word' id='word_1_540' title='bbox 1055 1670 1133 1707; x_wconf 85' lang='grc' dir='ltr'>ἦγεν.</span> <span class='ocrx_word' id='word_1_541' title='bbox 1161 1673 1191 1699; x_wconf 89' lang='grc' dir='ltr'><strong>Οί</strong></span> <span class='ocrx_word' id='word_1_542' title='bbox 1208 1672 1229 1699; x_wconf 81' lang='grc' dir='ltr'><strong>δ’</strong></span> <span class='ocrx_word' id='word_1_543' title='bbox 1242 1673 1398 1700; x_wconf 80' lang='grc' dir='ltr'>ἀποστάται</span> <span class='ocrx_word' id='word_1_544' title='bbox 1412 1673 1541 1709; x_wconf 77' lang='grc' dir='ltr'>ἐξαίφνης</span> <span class='ocrx_word' id='word_1_545' title='bbox 1567 1674 1795 1709; x_wconf 79' lang='grc' dir='ltr'>ἀντεπιθέμενοι,</span> <span class='ocrx_word' id='word_1_546' title='bbox 1812 1677 1860 1702; x_wconf 70' lang='grc' dir='ltr'>καὶ</span> 
     </span>
    </p>
   </div>
   <div class='ocr_carea' id='block_1_82' title="bbox 1058 1717 1861 1757">
    <p class='ocr_par' dir='ltr' id='par_1_82' title="bbox 1058 1717 1861 1757">
     <span class='ocr_line' id='line_1_82' title="bbox 1058 1717 1861 1757; baseline 0.006 -14"><span class='ocrx_word' id='word_1_547' title='bbox 1058 1717 1215 1753; x_wconf 76' lang='grc' dir='ltr'>ὑπερδέξιον</span> <span class='ocrx_word' id='word_1_548' title='bbox 1240 1717 1288 1753; x_wconf 81' lang='grc' dir='ltr'>τὴν</span> <span class='ocrx_word' id='word_1_549' title='bbox 1300 1717 1378 1750; x_wconf 76' lang='grc' dir='ltr'>τάξιν</span> <span class='ocrx_word' id='word_1_550' title='bbox 1396 1719 1417 1734; x_wconf 80' lang='grc'><strong>⁸¹</strong></span> <span class='ocrx_word' id='word_1_551' title='bbox 1431 1718 1548 1754; x_wconf 75' lang='grc' dir='ltr'>ἔχοντες,</span> <span class='ocrx_word' id='word_1_552' title='bbox 1565 1719 1659 1754; x_wconf 85' lang='grc' dir='ltr'>βιαίως</span> <span class='ocrx_word' id='word_1_553' title='bbox 1687 1729 1717 1746; x_wconf 89' lang='grc' dir='ltr'><strong>τε</strong></span> <span class='ocrx_word' id='word_1_554' title='bbox 1738 1721 1861 1757; x_wconf 75' lang='grc' dir='ltr'>ἐπιρῤά-</span> 
     </span>
    </p>
   </div>
   <div class='ocr_carea' id='block_1_83' title="bbox 1057 1763 1860 1801">
    <p class='ocr_par' dir='ltr' id='par_1_83' title="bbox 1057 1763 1860 1801">
     <span class='ocr_line' id='line_1_83' title="bbox 1057 1763 1860 1801; baseline 0.006 -12"><span class='ocrx_word' id='word_1_555' title='bbox 1057 1763 1151 1796; x_wconf 80' lang='grc' dir='ltr'>ξαντες</span> <span class='ocrx_word' id='word_1_556' title='bbox 1166 1764 1201 1794; x_wconf 75' lang='grc'><strong>⁸⁸,</strong></span> <span class='ocrx_word' id='word_1_557' title='bbox 1213 1763 1294 1795; x_wconf 81' lang='grc' dir='ltr'>εὐθὺς</span> <span class='ocrx_word' id='word_1_558' title='bbox 1311 1764 1357 1790; x_wconf 70' lang='grc' dir='ltr'><strong>ἐπὶ</strong></span> <span class='ocrx_word' id='word_1_559' title='bbox 1370 1763 1392 1779; x_wconf 79' lang='grc'>⁸³</span> <span class='ocrx_word' id='word_1_560' title='bbox 1408 1765 1616 1800; x_wconf 78' lang='grc' dir='ltr'>προτερήματος</span> <span class='ocrx_word' id='word_1_561' title='bbox 1630 1763 1711 1801; x_wconf 79' lang='grc' dir='ltr'>ἦσαν.</span> <span class='ocrx_word' id='word_1_562' title='bbox 1723 1767 1756 1793; x_wconf 86' lang='lat' dir='ltr'><strong>Ol</strong></span> <span class='ocrx_word' id='word_1_563' title='bbox 1768 1767 1798 1793; x_wconf 77' lang='grc' dir='ltr'><strong>δὲ</strong></span> <span class='ocrx_word' id='word_1_564' title='bbox 1808 1767 1860 1794; x_wconf 77' lang='grc' dir='ltr'>τοῦ</span> 
     </span>
    </p>
   </div>
   <div class='ocr_carea' id='block_1_84' title="bbox 1058 1808 1861 1847">
    <p class='ocr_par' dir='ltr' id='par_1_84' title="bbox 1058 1808 1861 1847">
     <span class='ocr_line' id='line_1_84' title="bbox 1058 1808 1861 1847; baseline 0.007 -14"><span class='ocrx_word' id='word_1_565' title='bbox 1058 1808 1211 1844; x_wconf 82' lang='grc' dir='ltr'>στρατηγοῦ</span> <span class='ocrx_word' id='word_1_566' title='bbox 1225 1808 1387 1844; x_wconf 80' lang='grc' dir='ltr'>ἐτράπησαν</span> <span class='ocrx_word' id='word_1_567' title='bbox 1404 1809 1472 1844; x_wconf 73' lang='grc' dir='ltr'>πρὸς</span> <span class='ocrx_word' id='word_1_568' title='bbox 1486 1810 1587 1844; x_wconf 79' lang='grc' dir='ltr'>φυγήν.</span> <span class='ocrx_word' id='word_1_569' title='bbox 1603 1811 1656 1837; x_wconf 72' lang='grc' dir='ltr'><strong>Τοῦ</strong></span> <span class='ocrx_word' id='word_1_570' title='bbox 1673 1811 1702 1837; x_wconf 80' lang='grc' dir='ltr'>δὲ</span> <span class='ocrx_word' id='word_1_571' title='bbox 1720 1811 1861 1847; x_wconf 77' lang='grc' dir='ltr'>βασιλέως</span> 
     </span>
    </p>
   </div>
   <div class='ocr_carea' id='block_1_85' title="bbox 1059 1853 1860 1895">
    <p class='ocr_par' dir='ltr' id='par_1_85' title="bbox 1059 1853 1860 1895">
     <span class='ocr_line' id='line_1_85' title="bbox 1059 1853 1860 1895; baseline 0.01 -16"><span class='ocrx_word' id='word_1_572' title='bbox 1059 1853 1115 1880; x_wconf 84' lang='grc' dir='ltr'><strong>τῶν</strong></span> <span class='ocrx_word' id='word_1_573' title='bbox 1146 1854 1310 1881; x_wconf 80' lang='grc' dir='ltr'>ἀποστατῶν</span> <span class='ocrx_word' id='word_1_574' title='bbox 1349 1855 1482 1890; x_wconf 87' lang='grc' dir='ltr'>κήρυγμα</span> <span class='ocrx_word' id='word_1_575' title='bbox 1526 1858 1712 1891; x_wconf 81' lang='grc' dir='ltr'>ποιησαμένου</span> <span class='ocrx_word' id='word_1_576' title='bbox 1751 1859 1860 1895; x_wconf 81' lang='grc' dir='ltr'>μηδένα</span> 
     </span>
    </p>
   </div>
   <div class='ocr_carea' id='block_1_86' title="bbox 1058 1899 1860 1942">
    <p class='ocr_par' dir='ltr' id='par_1_86' title="bbox 1058 1899 1860 1942">
     <span class='ocr_line' id='line_1_86' title="bbox 1058 1899 1860 1942; baseline 0.01 -17"><span class='ocrx_word' id='word_1_577' title='bbox 1058 1899 1177 1926; x_wconf 81' lang='grc' dir='ltr'>κτείνειν</span> <span class='ocrx_word' id='word_1_578' title='bbox 1192 1899 1245 1926; x_wconf 89' lang='grc' dir='ltr'><strong>τῶν</strong></span> <span class='ocrx_word' id='word_1_579' title='bbox 1265 1900 1300 1927; x_wconf 76' lang='grc' dir='ltr'>τὰ</span> <span class='ocrx_word' id='word_1_580' title='bbox 1322 1900 1392 1927; x_wconf 79' lang='grc' dir='ltr'>ὅπλα</span> <span class='ocrx_word' id='word_1_581' title='bbox 1408 1901 1592 1937; x_wconf 75' lang='grc' dir='ltr'>ῥιπτούντων,</span> <span class='ocrx_word' id='word_1_582' title='bbox 1607 1904 1631 1929; x_wconf 89' lang='grc' dir='ltr'>οἱ</span> <span class='ocrx_word' id='word_1_583' title='bbox 1655 1904 1779 1932; x_wconf 85' lang='grc' dir='ltr'>πλεῖστοι</span> <span class='ocrx_word' id='word_1_584' title='bbox 1813 1908 1860 1942; x_wconf 73' lang='grc' dir='ltr'><strong>ῥι-</strong></span> 
     </span>
    </p>
   </div>
   <div class='ocr_carea' id='block_1_87' title="bbox 1057 1944 1862 1988">
    <p class='ocr_par' dir='ltr' id='par_1_87' title="bbox 1057 1944 1862 1988">
     <span class='ocr_line' id='line_1_87' title="bbox 1057 1944 1862 1988; baseline 0.012 -18"><span class='ocrx_word' id='word_1_585' title='bbox 1057 1944 1189 1977; x_wconf 79' lang='grc' dir='ltr'>πτοῦντες</span> <span class='ocrx_word' id='word_1_586' title='bbox 1204 1946 1226 1961; x_wconf 73' lang='grc'><strong>⁸⁵</strong></span> <span class='ocrx_word' id='word_1_587' title='bbox 1242 1946 1427 1980; x_wconf 69' lang='grc' dir='ltr'>ἔφευγον.Καὶ</span> <span class='ocrx_word' id='word_1_588' title='bbox 1442 1948 1529 1984; x_wconf 81' lang='grc' dir='ltr'>τούτῳ</span> <span class='ocrx_word' id='word_1_589' title='bbox 1539 1949 1577 1984; x_wconf 85' lang='grc' dir='ltr'>τῷ</span> <span class='ocrx_word' id='word_1_590' title='bbox 1589 1949 1684 1985; x_wconf 85' lang='grc' dir='ltr'>τρόπῳ</span> <span class='ocrx_word' id='word_1_591' title='bbox 1700 1960 1862 1988; x_wconf 82' lang='grc' dir='ltr'>καταστρα-</span> 
     </span>
    </p>
   </div>
   <div class='ocr_carea' id='block_1_88' title="bbox 1057 1991 1858 2034">
    <p class='ocr_par' dir='ltr' id='par_1_88' title="bbox 1057 1991 1858 2034">
     <span class='ocr_line' id='line_1_88' title="bbox 1057 1991 1858 2034; baseline 0.011 -18"><span class='ocrx_word' id='word_1_592' title='bbox 1057 1991 1182 2025; x_wconf 85' lang='grc' dir='ltr'>τηγήσας</span> <span class='ocrx_word' id='word_1_593' title='bbox 1196 1991 1260 2023; x_wconf 84' lang='grc' dir='ltr'>τοὺς</span> <span class='ocrx_word' id='word_1_594' title='bbox 1275 1992 1423 2028; x_wconf 87' lang='grc' dir='ltr'>πολεμίους</span> <span class='ocrx_word' id='word_1_595' title='bbox 1437 1994 1451 2019; x_wconf 83' lang='grc' dir='ltr'><strong>ὁ</strong></span> <span class='ocrx_word' id='word_1_596' title='bbox 1466 1994 1594 2026; x_wconf 82' lang='grc' dir='ltr'>Σαλούῖος</span> <span class='ocrx_word' id='word_1_597' title='bbox 1605 1996 1655 2030; x_wconf 81' lang='grc' dir='ltr'>τήν</span> <span class='ocrx_word' id='word_1_598' title='bbox 1667 2005 1696 2022; x_wconf 82' lang='grc' dir='ltr'><strong>τε</strong></span> <span class='ocrx_word' id='word_1_599' title='bbox 1709 1999 1858 2034; x_wconf 76' lang='grc' dir='ltr'>παρεμϐο-</span> 
     </span>
    </p>
   </div>
   <div class='ocr_carea' id='block_1_89' title="bbox 1057 2036 1860 2081">
    <p class='ocr_par' dir='ltr' id='par_1_89' title="bbox 1057 2036 1860 2081">
     <span class='ocr_line' id='line_1_89' title="bbox 1057 2036 1860 2081; baseline 0.014 -19"><span class='ocrx_word' id='word_1_600' title='bbox 1057 2036 1106 2072; x_wconf 86' lang='grc' dir='ltr'>λὴν</span> <span class='ocrx_word' id='word_1_601' title='bbox 1119 2037 1298 2073; x_wconf 85' lang='grc' dir='ltr'>ἀνεκτήσατο,</span> <span class='ocrx_word' id='word_1_602' title='bbox 1311 2039 1357 2065; x_wconf 74' lang='grc' dir='ltr'>καὶ</span> <span class='ocrx_word' id='word_1_603' title='bbox 1367 2040 1530 2076; x_wconf 68' lang='grc' dir='ltr'>περίϐόητον</span> <span class='ocrx_word' id='word_1_604' title='bbox 1541 2042 1620 2078; x_wconf 87' lang='grc' dir='ltr'>νίκην</span> <span class='ocrx_word' id='word_1_605' title='bbox 1629 2044 1860 2081; x_wconf 76' lang='grc' dir='ltr'>ἀπενεγκάμενος</span> 
     </span>
    </p>
   </div>
   <div class='ocr_carea' id='block_1_90' title="bbox 1057 2082 1859 2127">
    <p class='ocr_par' dir='ltr' id='par_1_90' title="bbox 1057 2082 1859 2127">
     <span class='ocr_line' id='line_1_90' title="bbox 1057 2082 1859 2127; baseline 0.011 -19"><span class='ocrx_word' id='word_1_606' title='bbox 1057 2082 1164 2108; x_wconf 86' lang='grc' dir='ltr'>πολλῶν</span> <span class='ocrx_word' id='word_1_607' title='bbox 1184 2082 1274 2110; x_wconf 81' lang='grc' dir='ltr'>ὃπλων</span> <span class='ocrx_word' id='word_1_608' title='bbox 1290 2084 1460 2118; x_wconf 75' lang='grc' dir='ltr'>ἐκυρίευσεν.</span> <span class='ocrx_word' id='word_1_609' title='bbox 1485 2085 1634 2114; x_wconf 82' lang='grc' dir='ltr'>Ἀπέθανον</span> <span class='ocrx_word' id='word_1_610' title='bbox 1649 2088 1677 2114; x_wconf 83' lang='grc' dir='ltr'><strong>δὲ</strong></span> <span class='ocrx_word' id='word_1_611' title='bbox 1691 2089 1720 2115; x_wconf 85' lang='grc' dir='ltr'>ἐν</span> <span class='ocrx_word' id='word_1_612' title='bbox 1733 2091 1766 2125; x_wconf 79' lang='grc' dir='ltr'>τῇ</span> <span class='ocrx_word' id='word_1_613' title='bbox 1781 2091 1859 2127; x_wconf 71' lang='grc' dir='ltr'>μάχῃ</span> 
     </span>
    </p>
   </div>
   <div class='ocr_carea' id='block_1_91' title="bbox 1058 2128 1857 2168">
    <p class='ocr_par' dir='ltr' id='par_1_91' title="bbox 1058 2128 1857 2168">
     <span class='ocr_line' id='line_1_91' title="bbox 1058 2128 1857 2168; baseline 0.013 -15"><span class='ocrx_word' id='word_1_614' title='bbox 1058 2128 1112 2154; x_wconf 89' lang='grc' dir='ltr'><strong>τῶν</strong></span> <span class='ocrx_word' id='word_1_615' title='bbox 1127 2128 1286 2155; x_wconf 83' lang='grc' dir='ltr'>Ἰταλιωτῶν</span> <span class='ocrx_word' id='word_1_616' title='bbox 1303 2137 1333 2155; x_wconf 83' lang='grc' dir='ltr'><strong>τε</strong></span> <span class='ocrx_word' id='word_1_617' title='bbox 1347 2131 1392 2156; x_wconf 75' lang='grc' dir='ltr'>καὶ</span> <span class='ocrx_word' id='word_1_618' title='bbox 1409 2131 1528 2158; x_wconf 85' lang='grc' dir='ltr'>Σικελῶν</span> <span class='ocrx_word' id='word_1_619' title='bbox 1536 2132 1567 2158; x_wconf 85' lang='grc' dir='ltr'><strong>οὺ</strong></span> <span class='ocrx_word' id='word_1_620' title='bbox 1580 2133 1690 2166; x_wconf 82' lang='grc' dir='ltr'>πλείους</span> <span class='ocrx_word' id='word_1_621' title='bbox 1703 2135 1857 2168; x_wconf 76' lang='grc' dir='ltr'>ἑξακοσίων</span> 
     </span>
    </p>
   </div>
   <div class='ocr_carea' id='block_1_92' title="bbox 1057 2173 1857 2213">
    <p class='ocr_par' dir='ltr' id='par_1_92' title="bbox 1057 2173 1857 2213">
     <span class='ocr_line' id='line_1_92' title="bbox 1057 2173 1857 2213; baseline 0.014 -14"><span class='ocrx_word' id='word_1_622' title='bbox 1057 2173 1102 2200; x_wconf 78' lang='grc' dir='ltr'>διὰ</span> <span class='ocrx_word' id='word_1_623' title='bbox 1116 2173 1165 2209; x_wconf 85' lang='grc' dir='ltr'>τὴν</span> <span class='ocrx_word' id='word_1_624' title='bbox 1178 2174 1226 2201; x_wconf 79' lang='grc' dir='ltr'>τοῦ</span> <span class='ocrx_word' id='word_1_625' title='bbox 1251 2176 1431 2211; x_wconf 83' lang='grc' dir='ltr'>κηρύγματος</span> <span class='ocrx_word' id='word_1_626' title='bbox 1447 2177 1665 2213; x_wconf 83' lang='grc' dir='ltr'>φιλανθρωπίαν,</span> <span class='ocrx_word' id='word_1_627' title='bbox 1687 2181 1813 2208; x_wconf 78' lang='grc' dir='ltr'>ἑάλωσαν</span> <span class='ocrx_word' id='word_1_628' title='bbox 1827 2183 1857 2210; x_wconf 77' lang='grc' dir='ltr'><strong>δὲ</strong></span> 
     </span>
    </p>
   </div>
   <div class='ocr_carea' id='block_1_93' title="bbox 210 2211 1000 2265">
    <p class='ocr_par' dir='ltr' id='par_1_93' title="bbox 210 2211 1000 2248">
     <span class='ocr_line' id='line_1_93' title="bbox 210 2211 1000 2248; baseline 0.005 -9"><span class='ocrx_word' id='word_1_629' title='bbox 210 2211 300 2247; x_wconf 84' lang='lat' dir='ltr'><strong>fugam</strong></span> <span class='ocrx_word' id='word_1_630' title='bbox 315 2220 345 2240; x_wconf 87' lang='lat' dir='ltr'><strong>se</strong></span> <span class='ocrx_word' id='word_1_631' title='bbox 360 2213 451 2240; x_wconf 87' lang='lat' dir='ltr'><strong>dabat.</strong></span> <span class='ocrx_word' id='word_1_632' title='bbox 473 2212 533 2247; x_wconf 86' lang='lat' dir='ltr'><strong>Quo</strong></span> <span class='ocrx_word' id='word_1_633' title='bbox 549 2213 658 2248; x_wconf 88' lang='lat' dir='ltr'><strong>quidem</strong></span> <span class='ocrx_word' id='word_1_634' title='bbox 682 2218 876 2248; x_wconf 76' lang='lat' dir='ltr'><strong>stratagemate</strong></span> <span class='ocrx_word' id='word_1_635' title='bbox 893 2215 1000 2243; x_wconf 83' lang='lat' dir='ltr'><strong>Salvius</strong></span> 
     </span>
    </p>
   </div>
   <div class='ocr_carea' id='block_1_94' title="bbox 1058 2211 1857 2265">
    <p class='ocr_par' dir='ltr' id='par_1_94' title="bbox 1060 2211 1857 2263">
     <span class='ocr_line' id='line_1_94' title="bbox 1060 2211 1857 2263; baseline 0.011 -18"><span class='ocrx_word' id='word_1_636' title='bbox 1060 2220 1124 2255; x_wconf 77' lang='grc' dir='ltr'>περὶ</span> <span class='ocrx_word' id='word_1_637' title='bbox 1146 2222 1395 2257; x_wconf 70' lang='grc' dir='ltr'>τετρακισχιλίους.</span> <span class='ocrx_word' id='word_1_638' title='bbox 1421 2223 1451 2249; x_wconf 89' lang='lat' dir='ltr'><strong>&#39;U</strong></span> <span class='ocrx_word' id='word_1_639' title='bbox 1466 2223 1494 2249; x_wconf 83' lang='grc' dir='ltr'>δὲ</span> <span class='ocrx_word' id='word_1_640' title='bbox 1509 2211 1648 2256; x_wconf 83' lang='grc' dir='ltr'>Σαλούῖος,</span> <span class='ocrx_word' id='word_1_641' title='bbox 1659 2211 1771 2253; x_wconf 76' lang='grc' dir='ltr'>πολλῶν</span> <span class='ocrx_word' id='word_1_642' title='bbox 1787 2229 1857 2263; x_wconf 48' lang='grc' dir='ltr'>πὼς</span> 
     </span>
    </p>
   </div>
   <div class='ocr_carea' id='block_1_95' title="bbox 212 2261 1007 2298">
    <p class='ocr_par' dir='ltr' id='par_1_95' title="bbox 212 2261 1007 2298">
     <span class='ocr_line' id='line_1_95' title="bbox 212 2261 1007 2298; baseline 0.006 -11"><span class='ocrx_word' id='word_1_643' title='bbox 212 2261 344 2289; x_wconf 71' lang='lat' dir='ltr'><strong>advorsus</strong></span> <span class='ocrx_word' id='word_1_644' title='bbox 359 2261 451 2289; x_wconf 89' lang='lat' dir='ltr'><strong>hostes</strong></span> <span class='ocrx_word' id='word_1_645' title='bbox 467 2269 544 2294; x_wconf 84' lang='lat' dir='ltr'><strong>usus.</strong></span> <span class='ocrx_word' id='word_1_646' title='bbox 558 2267 647 2289; x_wconf 87' lang='lat' dir='ltr'><strong>castra</strong></span> <span class='ocrx_word' id='word_1_647' title='bbox 661 2270 709 2290; x_wconf 89' lang='lat' dir='ltr'><strong>sua</strong></span> <span class='ocrx_word' id='word_1_648' title='bbox 725 2264 904 2298; x_wconf 84' lang='lat' dir='ltr'><strong>recuperavit,</strong></span> <span class='ocrx_word' id='word_1_649' title='bbox 920 2265 1007 2293; x_wconf 85' lang='lat' dir='ltr'><strong>victo-</strong></span> 
     </span>
    </p>
   </div>
   <div class='ocr_carea' id='block_1_96' title="bbox 214 2307 1008 2344">
    <p class='ocr_par' dir='ltr' id='par_1_96' title="bbox 214 2307 1008 2344">
     <span class='ocr_line' id='line_1_96' title="bbox 214 2307 1008 2344; baseline 0.005 -11"><span class='ocrx_word' id='word_1_650' title='bbox 214 2308 308 2341; x_wconf 83' lang='lat' dir='ltr'><strong>riaque</strong></span> <span class='ocrx_word' id='word_1_651' title='bbox 318 2307 398 2334; x_wconf 89' lang='lat' dir='ltr'><strong>simul</strong></span> <span class='ocrx_word' id='word_1_652' title='bbox 411 2312 437 2334; x_wconf 90' lang='lat' dir='ltr'><strong>et</strong></span> <span class='ocrx_word' id='word_1_653' title='bbox 452 2315 549 2342; x_wconf 87' lang='lat' dir='ltr'><strong>magna</strong></span> <span class='ocrx_word' id='word_1_654' title='bbox 565 2308 736 2336; x_wconf 87' lang='lat' dir='ltr'><strong>multitudine</strong></span> <span class='ocrx_word' id='word_1_655' title='bbox 753 2316 890 2336; x_wconf 88' lang='lat' dir='ltr'><strong>armorum</strong></span> <span class='ocrx_word' id='word_1_656' title='bbox 906 2311 1008 2344; x_wconf 85' lang='lat' dir='ltr'><strong>potitus</strong></span> 
     </span>
    </p>
   </div>
   <div class='ocr_carea' id='block_1_97' title="bbox 212 2353 1008 2389">
    <p class='ocr_par' dir='ltr' id='par_1_97' title="bbox 212 2353 1008 2389">
     <span class='ocr_line' id='line_1_97' title="bbox 212 2353 1008 2389; baseline 0.006 -10"><span class='ocrx_word' id='word_1_657' title='bbox 212 2357 263 2380; x_wconf 87' lang='lat' dir='ltr'><strong>est.</strong></span> <span class='ocrx_word' id='word_1_658' title='bbox 280 2353 348 2380; x_wconf 60' lang='lat' dir='ltr'><strong>Caesi</strong></span> <span class='ocrx_word' id='word_1_659' title='bbox 363 2358 451 2380; x_wconf 88' lang='lat' dir='ltr'><strong>autem</strong></span> <span class='ocrx_word' id='word_1_660' title='bbox 469 2354 496 2381; x_wconf 90' lang='lat' dir='ltr'><strong>in</strong></span> <span class='ocrx_word' id='word_1_661' title='bbox 522 2355 573 2383; x_wconf 85' lang='lat' dir='ltr'><strong>hoc</strong></span> <span class='ocrx_word' id='word_1_662' title='bbox 585 2356 676 2389; x_wconf 69' lang='lat' dir='ltr'><strong>prmlio</strong></span> <span class='ocrx_word' id='word_1_663' title='bbox 702 2355 809 2383; x_wconf 88' lang='lat' dir='ltr'><strong>fuerunt</strong></span> <span class='ocrx_word' id='word_1_664' title='bbox 831 2364 863 2383; x_wconf 92' lang='lat' dir='ltr'><strong>cx</strong></span> <span class='ocrx_word' id='word_1_665' title='bbox 892 2355 967 2384; x_wconf 72' lang='lat' dir='ltr'><strong>italis</strong></span> <span class='ocrx_word' id='word_1_666' title='bbox 981 2362 1008 2384; x_wconf 91' lang='lat' dir='ltr'><strong>et</strong></span> 
     </span>
    </p>
   </div>
   <div class='ocr_carea' id='block_1_98' title="bbox 213 2396 1004 2435">
    <p class='ocr_par' dir='ltr' id='par_1_98' title="bbox 213 2396 1004 2435">
     <span class='ocr_line' id='line_1_98' title="bbox 213 2396 1004 2435; baseline 0.006 -11"><span class='ocrx_word' id='word_1_667' title='bbox 213 2396 312 2425; x_wconf 90' lang='lat' dir='ltr'><strong>Siculis</strong></span> <span class='ocrx_word' id='word_1_668' title='bbox 335 2406 387 2425; x_wconf 93' lang='lat' dir='ltr'><strong>non</strong></span> <span class='ocrx_word' id='word_1_669' title='bbox 407 2398 498 2434; x_wconf 86' lang='lat' dir='ltr'><strong>plures</strong></span> <span class='ocrx_word' id='word_1_670' title='bbox 509 2401 658 2432; x_wconf 78' lang='lat' dir='ltr'><strong>sexcentis,</strong></span> <span class='ocrx_word' id='word_1_671' title='bbox 687 2405 799 2435; x_wconf 89' lang='lat' dir='ltr'><strong>propter</strong></span> <span class='ocrx_word' id='word_1_672' title='bbox 822 2402 903 2428; x_wconf 86' lang='lat' dir='ltr'><strong>edicti</strong></span> <span class='ocrx_word' id='word_1_673' title='bbox 932 2401 1004 2431; x_wconf 91' lang='lat' dir='ltr'><strong>illius</strong></span> 
     </span>
    </p>
   </div>
   <div class='ocr_carea' id='block_1_99' title="bbox 213 2442 1005 2481">
    <p class='ocr_par' dir='ltr' id='par_1_99' title="bbox 213 2442 1005 2481">
     <span class='ocr_line' id='line_1_99' title="bbox 213 2442 1005 2481; baseline 0.006 -13"><span class='ocrx_word' id='word_1_674' title='bbox 213 2442 404 2476; x_wconf 77' lang='lat' dir='ltr'><strong>clementiam,</strong></span> <span class='ocrx_word' id='word_1_675' title='bbox 437 2444 484 2472; x_wconf 88' lang='lat' dir='ltr'><strong>sed</strong></span> <span class='ocrx_word' id='word_1_676' title='bbox 496 2449 574 2479; x_wconf 88' lang='lat' dir='ltr'><strong>capta</strong></span> <span class='ocrx_word' id='word_1_677' title='bbox 604 2444 711 2472; x_wconf 85' lang='lat' dir='ltr'><strong>fuerunt</strong></span> <span class='ocrx_word' id='word_1_678' title='bbox 743 2446 853 2473; x_wconf 85' lang='lat' dir='ltr'><strong>circiter</strong></span> <span class='ocrx_word' id='word_1_679' title='bbox 888 2452 1005 2481; x_wconf 87' lang='lat' dir='ltr'><strong>quatuor</strong></span> 
     </span>
    </p>
   </div>
   <div class='ocr_carea' id='block_1_100' title="bbox 213 2488 1005 2523">
    <p class='ocr_par' dir='ltr' id='par_1_100' title="bbox 213 2488 1005 2523">
     <span class='ocr_line' id='line_1_100' title="bbox 213 2488 1005 2523; baseline 0.005 -8"><span class='ocrx_word' id='word_1_680' title='bbox 213 2488 307 2516; x_wconf 90' lang='lat' dir='ltr'><strong>millia.</strong></span> <span class='ocrx_word' id='word_1_681' title='bbox 326 2488 412 2516; x_wconf 86' lang='lat' dir='ltr'><strong>Porro</strong></span> <span class='ocrx_word' id='word_1_682' title='bbox 432 2496 493 2517; x_wconf 89' lang='lat' dir='ltr'><strong>cum</strong></span> <span class='ocrx_word' id='word_1_683' title='bbox 505 2490 539 2517; x_wconf 89' lang='lat' dir='ltr'><strong>ad</strong></span> <span class='ocrx_word' id='word_1_684' title='bbox 560 2490 693 2523; x_wconf 80' lang='lat' dir='ltr'><strong>Salvium,</strong></span> <span class='ocrx_word' id='word_1_685' title='bbox 717 2491 799 2518; x_wconf 88' lang='lat' dir='ltr'><strong>rebus</strong></span> <span class='ocrx_word' id='word_1_686' title='bbox 822 2492 856 2519; x_wconf 82' lang='lat' dir='ltr'><strong>ab</strong></span> <span class='ocrx_word' id='word_1_687' title='bbox 875 2492 920 2519; x_wconf 89' lang='lat' dir='ltr'><strong>illo</strong></span> <span class='ocrx_word' id='word_1_688' title='bbox 937 2491 1005 2519; x_wconf 87' lang='lat' dir='ltr'><strong>bene</strong></span> 
     </span>
    </p>
   </div>
   <div class='ocr_carea' id='block_1_101' title="bbox 213 2534 1005 2571">
    <p class='ocr_par' dir='ltr' id='par_1_101' title="bbox 213 2534 1005 2571">
     <span class='ocr_line' id='line_1_101' title="bbox 213 2534 1005 2571; baseline 0.005 -10"><span class='ocrx_word' id='word_1_689' title='bbox 213 2534 309 2568; x_wconf 79' lang='lat' dir='ltr'><strong>gestis,</strong></span> <span class='ocrx_word' id='word_1_690' title='bbox 324 2534 402 2562; x_wconf 87' lang='lat' dir='ltr'><strong>multi</strong></span> <span class='ocrx_word' id='word_1_691' title='bbox 423 2534 602 2568; x_wconf 85' lang='lat' dir='ltr'><strong>conﬂuerent,</strong></span> <span class='ocrx_word' id='word_1_692' title='bbox 615 2536 750 2571; x_wconf 83' lang='lat' dir='ltr'><strong>duplicato</strong></span> <span class='ocrx_word' id='word_1_693' title='bbox 767 2537 901 2570; x_wconf 81' lang='lat' dir='ltr'><strong>exercitu,</strong></span> <span class='ocrx_word' id='word_1_694' title='bbox 924 2542 1005 2571; x_wconf 82' lang='lat' dir='ltr'><strong>atque</strong></span> 
     </span>
    </p>
   </div>
   <div class='ocr_carea' id='block_1_102' title="bbox 213 2580 1007 2617">
    <p class='ocr_par' dir='ltr' id='par_1_102' title="bbox 213 2580 1007 2617">
     <span class='ocr_line' id='line_1_102' title="bbox 213 2580 1007 2617; baseline 0.005 -11"><span class='ocrx_word' id='word_1_695' title='bbox 213 2585 306 2614; x_wconf 80' lang='lat' dir='ltr'><strong>aperto</strong></span> <span class='ocrx_word' id='word_1_696' title='bbox 316 2580 406 2616; x_wconf 83' lang='lat' dir='ltr'><strong>potius</strong></span> <span class='ocrx_word' id='word_1_697' title='bbox 418 2588 525 2616; x_wconf 82' lang='lat' dir='ltr'><strong>campo,</strong></span> <span class='ocrx_word' id='word_1_698' title='bbox 537 2581 714 2617; x_wconf 80' lang='lat' dir='ltr'><strong>Morgantinae</strong></span> <span class='ocrx_word' id='word_1_699' title='bbox 729 2582 899 2610; x_wconf 84' lang='lat' dir='ltr'><strong>obsidionem</strong></span> <span class='ocrx_word' id='word_1_700' title='bbox 915 2583 1007 2610; x_wconf 90' lang='lat' dir='ltr'><strong>redin-</strong></span> 
     </span>
    </p>
   </div>
   <div class='ocr_carea' id='block_1_103' title="bbox 1059 2266 1857 2306">
    <p class='ocr_par' dir='ltr' id='par_1_103' title="bbox 1059 2266 1857 2306">
     <span class='ocr_line' id='line_1_103' title="bbox 1059 2266 1857 2306; baseline 0.013 -15"><span class='ocrx_word' id='word_1_701' title='bbox 1059 2266 1141 2292; x_wconf 80' lang='grc' dir='ltr'>αὑτὸν</span> <span class='ocrx_word' id='word_1_702' title='bbox 1158 2267 1215 2293; x_wconf 72' lang='grc' dir='ltr'>ἀπὸ</span> <span class='ocrx_word' id='word_1_703' title='bbox 1234 2267 1281 2293; x_wconf 74' lang='grc' dir='ltr'><strong>τοῦ</strong></span> <span class='ocrx_word' id='word_1_704' title='bbox 1298 2268 1511 2304; x_wconf 80' lang='grc' dir='ltr'>κατορθώματος</span> <span class='ocrx_word' id='word_1_705' title='bbox 1526 2270 1548 2285; x_wconf 75' lang='grc'><strong>⁵⁸</strong></span> <span class='ocrx_word' id='word_1_706' title='bbox 1559 2272 1743 2306; x_wconf 69' lang='grc' dir='ltr'>συρρεόντων,</span> <span class='ocrx_word' id='word_1_707' title='bbox 1758 2274 1857 2301; x_wconf 69' lang='grc' dir='ltr'>διπλα-</span> 
     </span>
    </p>
   </div>
   <div class='ocr_carea' id='block_1_104' title="bbox 1059 2312 1855 2356">
    <p class='ocr_par' dir='ltr' id='par_1_104' title="bbox 1059 2312 1855 2356">
     <span class='ocr_line' id='line_1_104' title="bbox 1059 2312 1855 2356; baseline 0.013 -18"><span class='ocrx_word' id='word_1_708' title='bbox 1059 2312 1156 2343; x_wconf 86' lang='grc' dir='ltr'>σιάσας</span> <span class='ocrx_word' id='word_1_709' title='bbox 1170 2313 1219 2348; x_wconf 86' lang='grc' dir='ltr'>τὴν</span> <span class='ocrx_word' id='word_1_710' title='bbox 1232 2313 1301 2340; x_wconf 73' lang='grc' dir='ltr'>ἰδίαν</span> <span class='ocrx_word' id='word_1_711' title='bbox 1322 2314 1447 2350; x_wconf 83' lang='grc' dir='ltr'>δύναμιν,</span> <span class='ocrx_word' id='word_1_712' title='bbox 1478 2316 1591 2352; x_wconf 76' lang='grc' dir='ltr'>ἐκράτει</span> <span class='ocrx_word' id='word_1_713' title='bbox 1619 2318 1674 2345; x_wconf 84' lang='grc' dir='ltr'><strong>τῶν</strong></span> <span class='ocrx_word' id='word_1_714' title='bbox 1701 2320 1855 2356; x_wconf 76' lang='grc' dir='ltr'>ὑπαίθρων,</span> 
     </span>
    </p>
   </div>
   <div class='ocr_carea' id='block_1_105' title="bbox 1058 2357 1854 2399">
    <p class='ocr_par' dir='ltr' id='par_1_105' title="bbox 1058 2357 1854 2399">
     <span class='ocr_line' id='line_1_105' title="bbox 1058 2357 1854 2399; baseline 0.013 -16"><span class='ocrx_word' id='word_1_715' title='bbox 1058 2357 1105 2384; x_wconf 75' lang='grc' dir='ltr'>καὶ</span> <span class='ocrx_word' id='word_1_716' title='bbox 1130 2357 1288 2393; x_wconf 86' lang='grc' dir='ltr'>πολιορκεῖν</span> <span class='ocrx_word' id='word_1_717' title='bbox 1312 2359 1394 2386; x_wconf 79' lang='grc' dir='ltr'>πάλιν</span> <span class='ocrx_word' id='word_1_718' title='bbox 1416 2361 1554 2396; x_wconf 80' lang='grc' dir='ltr'>ἐπεχείρει</span> <span class='ocrx_word' id='word_1_719' title='bbox 1585 2362 1634 2397; x_wconf 83' lang='grc' dir='ltr'>τὴν</span> <span class='ocrx_word' id='word_1_720' title='bbox 1650 2364 1854 2399; x_wconf 80' lang='grc' dir='ltr'>Μοργαντῖναν,</span> 
     </span>
    </p>
   </div>
   <div class='ocr_carea' id='block_1_106' title="bbox 1059 2403 1856 2447">
    <p class='ocr_par' dir='ltr' id='par_1_106' title="bbox 1059 2403 1856 2447">
     <span class='ocr_line' id='line_1_106' title="bbox 1059 2403 1856 2447; baseline 0.013 -18"><span class='ocrx_word' id='word_1_721' title='bbox 1059 2403 1190 2439; x_wconf 81' lang='grc' dir='ltr'>κήρυγμα</span> <span class='ocrx_word' id='word_1_722' title='bbox 1203 2403 1264 2436; x_wconf 81' lang='grc' dir='ltr'>δοὺς</span> <span class='ocrx_word' id='word_1_723' title='bbox 1277 2406 1333 2437; x_wconf 78' lang='grc' dir='ltr'>τοῖς</span> <span class='ocrx_word' id='word_1_724' title='bbox 1348 2406 1377 2432; x_wconf 78' lang='grc' dir='ltr'>ἐν</span> <span class='ocrx_word' id='word_1_725' title='bbox 1390 2406 1458 2442; x_wconf 79' lang='grc' dir='ltr'>αὐτῇ</span> <span class='ocrx_word' id='word_1_726' title='bbox 1475 2407 1579 2440; x_wconf 79' lang='grc' dir='ltr'>δούλοις</span> <span class='ocrx_word' id='word_1_727' title='bbox 1610 2410 1660 2444; x_wconf 75' lang='grc' dir='ltr'>τὴν</span> <span class='ocrx_word' id='word_1_728' title='bbox 1683 2411 1856 2447; x_wconf 71' lang='grc' dir='ltr'>ἐλευθερίαν.</span> 
     </span>
    </p>
   </div>
   <div class='ocr_carea' id='block_1_107' title="bbox 1060 2449 1856 2494">
    <p class='ocr_par' dir='ltr' id='par_1_107' title="bbox 1060 2449 1856 2494">
     <span class='ocr_line' id='line_1_107' title="bbox 1060 2449 1856 2494; baseline 0.013 -19"><span class='ocrx_word' id='word_1_729' title='bbox 1060 2449 1122 2475; x_wconf 86' lang='grc' dir='ltr'>Τῶν</span> <span class='ocrx_word' id='word_1_730' title='bbox 1138 2449 1166 2476; x_wconf 80' lang='grc' dir='ltr'><strong>δὲ</strong></span> <span class='ocrx_word' id='word_1_731' title='bbox 1197 2451 1300 2485; x_wconf 87' lang='grc' dir='ltr'>κυρίων</span> <span class='ocrx_word' id='word_1_732' title='bbox 1323 2453 1585 2488; x_wconf 79' lang='grc' dir='ltr'>ἀντιπροτεινόντων</span> <span class='ocrx_word' id='word_1_733' title='bbox 1599 2455 1621 2470; x_wconf 83' lang='grc'><strong>⁸⁸</strong></span> <span class='ocrx_word' id='word_1_734' title='bbox 1632 2456 1726 2488; x_wconf 73' lang='grc' dir='ltr'>αὐτοῖς</span> <span class='ocrx_word' id='word_1_735' title='bbox 1740 2459 1856 2494; x_wconf 63' lang='grc' dir='ltr'>ταύτην,</span> 
     </span>
    </p>
   </div>
   <div class='ocr_carea' id='block_1_108' title="bbox 1060 2496 1856 2539">
    <p class='ocr_par' dir='ltr' id='par_1_108' title="bbox 1060 2496 1856 2539">
     <span class='ocr_line' id='line_1_108' title="bbox 1060 2496 1856 2539; baseline 0.014 -18"><span class='ocrx_word' id='word_1_736' title='bbox 1060 2496 1085 2522; x_wconf 82' lang='grc' dir='ltr'>ει</span> <span class='ocrx_word' id='word_1_737' title='bbox 1113 2496 1189 2530; x_wconf 85' lang='grc' dir='ltr'>σφίσι</span> <span class='ocrx_word' id='word_1_738' title='bbox 1216 2498 1458 2531; x_wconf 79' lang='grc' dir='ltr'>συναγωνίσαιντο,</span> <span class='ocrx_word' id='word_1_739' title='bbox 1485 2501 1589 2528; x_wconf 82' lang='grc' dir='ltr'>εἵλοντο</span> <span class='ocrx_word' id='word_1_740' title='bbox 1611 2503 1713 2537; x_wconf 81' lang='grc' dir='ltr'>μᾶλλον</span> <span class='ocrx_word' id='word_1_741' title='bbox 1732 2505 1782 2539; x_wconf 81' lang='grc' dir='ltr'>τὴν</span> <span class='ocrx_word' id='word_1_742' title='bbox 1803 2507 1856 2532; x_wconf 78' lang='grc' dir='ltr'>ἀπὸ</span> 
     </span>
    </p>
   </div>
   <div class='ocr_carea' id='block_1_109' title="bbox 1059 2540 1856 2584">
    <p class='ocr_par' dir='ltr' id='par_1_109' title="bbox 1059 2540 1856 2584">
     <span class='ocr_line' id='line_1_109' title="bbox 1059 2540 1856 2584; baseline 0.011 -18"><span class='ocrx_word' id='word_1_743' title='bbox 1059 2540 1114 2567; x_wconf 87' lang='grc' dir='ltr'><strong>τῶν</strong></span> <span class='ocrx_word' id='word_1_744' title='bbox 1127 2541 1242 2576; x_wconf 81' lang='grc' dir='ltr'>κυρίων,</span> <span class='ocrx_word' id='word_1_745' title='bbox 1259 2543 1307 2568; x_wconf 75' lang='grc' dir='ltr'>καὶ</span> <span class='ocrx_word' id='word_1_746' title='bbox 1335 2543 1485 2578; x_wconf 82' lang='grc' dir='ltr'>προθύμως</span> <span class='ocrx_word' id='word_1_747' title='bbox 1511 2545 1714 2580; x_wconf 72' lang='grc' dir='ltr'>ἀγωνισάμενοι</span> <span class='ocrx_word' id='word_1_748' title='bbox 1740 2548 1856 2584; x_wconf 83' lang='grc' dir='ltr'>ἀπετρί-</span> 
     </span>
    </p>
   </div>
   <div class='ocr_carea' id='block_1_110' title="bbox 1059 2585 1855 2628">
    <p class='ocr_par' dir='ltr' id='par_1_110' title="bbox 1059 2585 1855 2628">
     <span class='ocr_line' id='line_1_110' title="bbox 1059 2585 1855 2628; baseline 0.013 -16"><span class='ocrx_word' id='word_1_749' title='bbox 1059 2585 1146 2621; x_wconf 75' lang='grc' dir='ltr'>ψαντο</span> <span class='ocrx_word' id='word_1_750' title='bbox 1159 2585 1207 2622; x_wconf 82' lang='grc' dir='ltr'>τὴν</span> <span class='ocrx_word' id='word_1_751' title='bbox 1224 2587 1394 2623; x_wconf 79' lang='grc' dir='ltr'>πολιορκίαν.</span> <span class='ocrx_word' id='word_1_752' title='bbox 1418 2589 1447 2616; x_wconf 94' lang='lat'><strong>&#39;0</strong></span> <span class='ocrx_word' id='word_1_753' title='bbox 1463 2589 1492 2616; x_wconf 78' lang='grc' dir='ltr'><strong>δὲ</strong></span> <span class='ocrx_word' id='word_1_754' title='bbox 1516 2593 1670 2627; x_wconf 83' lang='grc' dir='ltr'>στρατηγὸς</span> <span class='ocrx_word' id='word_1_755' title='bbox 1685 2594 1756 2628; x_wconf 79' lang='grc' dir='ltr'><strong>μετά</strong></span> <span class='ocrx_word' id='word_1_756' title='bbox 1770 2594 1855 2621; x_wconf 77' lang='grc' dir='ltr'>ταῦτα</span> 
     </span>
    </p>
   </div>
   <div class='ocr_carea' id='block_1_111' title="bbox 864 2695 1197 2726">
    <p class='ocr_par' dir='ltr' id='par_1_111' title="bbox 864 2695 1197 2726">
     <span class='ocr_line' id='line_1_111' title="bbox 864 2695 1197 2726; baseline 0.012 -5"><span class='ocrx_word' id='word_1_757' title='bbox 864 2695 979 2723; x_wconf 61' lang='grc' dir='ltr'><strong>νΛτΒΙΧΕ</strong></span> <span class='ocrx_word' id='word_1_758' title='bbox 994 2695 1197 2726; x_wconf 81' lang='lat' dir='ltr'><strong>LECTIONES.</strong></span> 
     </span>
    </p>
   </div>
   <div class='ocr_carea' id='block_1_112' title="bbox 244 2786 924 2826">
    <p class='ocr_par' dir='ltr' id='par_1_112' title="bbox 244 2786 924 2826">
     <span class='ocr_line' id='line_1_112' title="bbox 244 2786 924 2826; baseline 0.007 -13"><span class='ocrx_word' id='word_1_759' title='bbox 244 2786 270 2805; x_wconf 70' lang='grc'><strong><em>⁸⁵</em></strong></span> <span class='ocrx_word' id='word_1_760' title='bbox 282 2787 385 2826; x_wconf 76' lang='grc' dir='ltr'>εἴλοντο</span> <span class='ocrx_word' id='word_1_761' title='bbox 402 2797 432 2826; x_wconf 64' lang='grc' dir='ltr'>ς.</span> <span class='ocrx_word' id='word_1_762' title='bbox 469 2824 476 2826; x_wconf 92' lang='lat'>_</span> <span class='ocrx_word' id='word_1_763' title='bbox 488 2790 511 2806; x_wconf 83' lang='lat'><strong>&quot;</strong></span> <span class='ocrx_word' id='word_1_764' title='bbox 523 2790 584 2822; x_wconf 85' lang='grc' dir='ltr'>ταῖς</span> <span class='ocrx_word' id='word_1_765' title='bbox 599 2795 625 2818; x_wconf 88' lang='lat' dir='ltr'><strong>et</strong></span> <span class='ocrx_word' id='word_1_766' title='bbox 639 2791 656 2818; x_wconf 79' lang='grc'><strong>5</strong></span> <span class='ocrx_word' id='word_1_767' title='bbox 671 2791 720 2822; x_wconf 79' lang='grc' dir='ltr'>τὰς</span> <span class='ocrx_word' id='word_1_768' title='bbox 754 2792 803 2826; x_wconf 83' lang='grc' dir='ltr'>μὲν</span> <span class='ocrx_word' id='word_1_769' title='bbox 817 2791 876 2818; x_wconf 87' lang='lat' dir='ltr'><strong>add.</strong></span> <span class='ocrx_word' id='word_1_770' title='bbox 892 2791 924 2818; x_wconf 87' lang='lat' dir='ltr'><strong>A.</strong></span> 
     </span>
    </p>
   </div>
   <div class='ocr_carea' id='block_1_113' title="bbox 978 2792 1171 2827">
    <p class='ocr_par' dir='ltr' id='par_1_113' title="bbox 978 2792 1171 2827">
     <span class='ocr_line' id='line_1_113' title="bbox 978 2792 1171 2827; baseline 0.01 -9"><span class='ocrx_word' id='word_1_771' title='bbox 978 2792 1002 2807; x_wconf 79' lang='lat'><strong>“</strong></span> <span class='ocrx_word' id='word_1_772' title='bbox 1018 2792 1124 2827; x_wconf 86' lang='grc' dir='ltr'>βοηθῶν</span> <span class='ocrx_word' id='word_1_773' title='bbox 1141 2802 1171 2825; x_wconf 81' lang='grc' dir='ltr'><strong>ς’.</strong></span> 
     </span>
    </p>
   </div>
   <div class='ocr_carea' id='block_1_114' title="bbox 1221 2794 1852 2831">
    <p class='ocr_par' dir='ltr' id='par_1_114' title="bbox 1221 2794 1852 2831">
     <span class='ocr_line' id='line_1_114' title="bbox 1221 2794 1852 2831; baseline 0.003 -10"><span class='ocrx_word' id='word_1_774' title='bbox 1221 2794 1254 2831; x_wconf 88' lang='lat'><strong>&quot;_</strong></span> <span class='ocrx_word' id='word_1_775' title='bbox 1268 2796 1450 2831; x_wconf 83' lang='grc' dir='ltr'>νυκτοπορείᾳ</span> <span class='ocrx_word' id='word_1_776' title='bbox 1479 2796 1509 2822; x_wconf 77' lang='grc' dir='ltr'><strong>Λ.</strong></span> <span class='ocrx_word' id='word_1_777' title='bbox 1563 2796 1586 2813; x_wconf 81' lang='grc'><strong><em>⁵³</em></strong></span> <span class='ocrx_word' id='word_1_778' title='bbox 1601 2796 1734 2824; x_wconf 77' lang='grc' dir='ltr'>κατέλαϐε</span> <span class='ocrx_word' id='word_1_779' title='bbox 1747 2803 1803 2824; x_wconf 88' lang='lat' dir='ltr'><strong>om.</strong></span> <span class='ocrx_word' id='word_1_780' title='bbox 1820 2796 1852 2823; x_wconf 84' lang='lat' dir='ltr'><strong>A.</strong></span> 
     </span>
    </p>
   </div>
   <div class='ocr_carea' id='block_1_115' title="bbox 215 2823 1856 2867">
    <p class='ocr_par' dir='ltr' id='par_1_115' title="bbox 215 2823 1856 2867">
     <span class='ocr_line' id='line_1_115' title="bbox 215 2823 1856 2867; baseline 0.007 -18"><span class='ocrx_word' id='word_1_781' title='bbox 215 2824 238 2867; x_wconf 52' lang='lat'><strong>:3</strong></span> <span class='ocrx_word' id='word_1_782' title='bbox 252 2823 593 2867; x_wconf 47' lang='grc' dir='ltr'>πολιορκίανλπρλιορκίαν</span> <span class='ocrx_word' id='word_1_783' title='bbox 603 2823 763 2867; x_wconf 67' lang='grc' dir='ltr'>καταλαϐὼν</span> <span class='ocrx_word' id='word_1_784' title='bbox 773 2827 803 2853; x_wconf 84' lang='grc' dir='ltr'><strong>Β.</strong></span> <span class='ocrx_word' id='word_1_785' title='bbox 821 2827 864 2867; x_wconf 45' lang='grc'><strong>.-⁸⁸</strong></span> <span class='ocrx_word' id='word_1_786' title='bbox 875 2823 1051 2867; x_wconf 60' lang='grc' dir='ltr'>παντοδαπῆς</span> <span class='ocrx_word' id='word_1_787' title='bbox 1132 2823 1154 2844; x_wconf 69' lang='grc' dir='ltr'><strong>⁶ῖ</strong></span> <span class='ocrx_word' id='word_1_788' title='bbox 1161 2829 1255 2867; x_wconf 56' lang='grc' dir='ltr'>τάξιν]</span> <span class='ocrx_word' id='word_1_789' title='bbox 1265 2832 1361 2867; x_wconf 83' lang='grc' dir='ltr'>στάσιν</span> <span class='ocrx_word' id='word_1_790' title='bbox 1379 2823 1412 2858; x_wconf 75' lang='grc' dir='ltr'><strong>Ᾰ;</strong></span> <span class='ocrx_word' id='word_1_791' title='bbox 1437 2824 1472 2847; x_wconf 66' lang='grc' dir='ltr'><strong>’θ’</strong></span> <span class='ocrx_word' id='word_1_792' title='bbox 1483 2823 1690 2867; x_wconf 75' lang='grc' dir='ltr'>ὲπαῤῥάξαντες</span> <span class='ocrx_word' id='word_1_793' title='bbox 1706 2832 1736 2859; x_wconf 85' lang='grc' dir='ltr'><strong>Β.</strong></span> <span class='ocrx_word' id='word_1_794' title='bbox 1752 2823 1757 2824; x_wconf 24' lang='grc'><strong><em>⁷</em></strong></span> <span class='ocrx_word' id='word_1_795' title='bbox 1772 2830 1795 2848; x_wconf 82' lang='grc'><strong>⁸³</strong></span> <span class='ocrx_word' id='word_1_796' title='bbox 1807 2832 1856 2860; x_wconf 68' lang='grc' dir='ltr'><strong>ἰπὶ</strong></span> 
     </span>
    </p>
   </div>
   <div class='ocr_carea' id='block_1_116' title="bbox 217 2858 1596 2898">
    <p class='ocr_par' dir='ltr' id='par_1_116' title="bbox 217 2858 1596 2898">
     <span class='ocr_line' id='line_1_116' title="bbox 217 2858 1596 2898; baseline 0.005 -12"><span class='ocrx_word' id='word_1_797' title='bbox 217 2858 357 2893; x_wconf 72' lang='lat' dir='ltr'><strong>Scaliger:</strong></span> <span class='ocrx_word' id='word_1_798' title='bbox 375 2859 435 2887; x_wconf 77' lang='lat' dir='ltr'><strong>libri</strong></span> <span class='ocrx_word' id='word_1_799' title='bbox 450 2858 519 2889; x_wconf 68' lang='grc' dir='ltr'><strong>ὑπό.⁷</strong></span> <span class='ocrx_word' id='word_1_800' title='bbox 532 2894 539 2897; x_wconf 94' lang='lat'>_</span> <span class='ocrx_word' id='word_1_801' title='bbox 559 2863 582 2878; x_wconf 75' lang='lat'><strong>“</strong></span> <span class='ocrx_word' id='word_1_802' title='bbox 597 2862 736 2898; x_wconf 76' lang='grc' dir='ltr'>ῥίπτοντες</span> <span class='ocrx_word' id='word_1_803' title='bbox 749 2862 780 2890; x_wconf 83' lang='grc' dir='ltr'><strong>Δ.</strong></span> <span class='ocrx_word' id='word_1_804' title='bbox 819 2863 842 2880; x_wconf 72' lang='grc'><strong>⁸³</strong></span> <span class='ocrx_word' id='word_1_805' title='bbox 854 2863 908 2891; x_wconf 86' lang='grc' dir='ltr'><strong>τῶν</strong></span> <span class='ocrx_word' id='word_1_806' title='bbox 923 2858 1145 2898; x_wconf 71' lang='grc' dir='ltr'>κατορθωμάτων</span> <span class='ocrx_word' id='word_1_807' title='bbox 1161 2864 1192 2892; x_wconf 75' lang='grc' dir='ltr'><strong>Β.</strong></span> <span class='ocrx_word' id='word_1_808' title='bbox 1207 2858 1215 2861; x_wconf 57' lang='grc'><em>’</em></span> <span class='ocrx_word' id='word_1_809' title='bbox 1231 2858 1255 2881; x_wconf 70' lang='grc' dir='ltr'><strong>⁶ῖ</strong></span> <span class='ocrx_word' id='word_1_810' title='bbox 1269 2858 1596 2895; x_wconf 65' lang='grc' dir='ltr'>ἀντιπαθατεινόντωῦᾟ.</span> 
     </span>
    </p>
   </div>
  </div>
