1923 3093
95 155 161 190 κει

648 163 908 195 BIBIJOTHECA.
918 179 951 183 —
965 167 1046 198 COD.
1064 169 1208 200 CCXLIV.

1658 172 1725 204 1422

93 214 142 248 τὴν
157 214 315 250 ἐλευθερίαν
333 215 498 252 ἀνατρέψας,
514 217 700 254 αὐτομολῆσαι
716 221 778 251 τοὺς
804 221 864 248 πλεί

917 244 919 252 ι
935 224 1061 257 tegravit,
1073 225 1207 259 jussitque
1223 227 1384 261 proclamari
1402 234 1432 255 se
1447 228 1480 256 iis
1494 227 1658 263 libertatem,
1673 235 1722 265 qui

95 268 176 292 στους
189 262 383 295 παρεσκεύασε
398 264 455 294 τοῖς
466 264 644 295 ἀποστάταις.

937 268 973 295 ibi
988 275 1089 302 essent,
1106 272 1191 299 servis
1210 273 1384 300 donaturum.
1400 274 1453 301 Sed
1471 275 1542 302 enim
1557 282 1651 304 eorum
1673 277 1723 304 do-

90 305 173 332 minis
195 306 314 334 vicissim
342 315 401 335 eam
428 308 480 335 illis
495 310 718 344 proponentibus,
735 311 881 338 dummodo
900 319 994 340 secum
1015 316 1147 345 adversus
1169 318 1260 346 hostes
1283 318 1457 352 dimicarent,
1484 327 1543 348 eam
1583 321 1617 348 ab
1656 322 1722 356 ipsis

93 351 219 385 accipere
243 353 410 386 maluerunt,
433 359 562 389 lautaque
587 357 670 383 animi
698 362 887 391 pugnaverunt
905 358 1055 394 alacritate,
1069 366 1099 389 ut
1125 363 1295 392 obsidionem
1322 366 1524 393 submovereul.
1543 365 1718 394 Verumenim

89 403 155 423 vero
173 397 320 432 imperator
334 404 427 433 postea
444 399 543 435 389a
560 401 695 436 denegans
715 400 876 435 promissam
896 402 949 430 illis
961 403 1126 439 libertatem,
1140 407 1168 435 iu
1185 415 1266 436 causa
1279 408 1329 436 fuit
1342 417 1392 437 cur
1408 411 1441 438 ad
1471 410 1622 440 defectores
1656 411 1721 447 plu-

86 444 149 472 rimi
168 445 369 479 transfugerent
386 445 456 480 (70).

122 497 192 536 Περῖ
206 500 235 527 δὲ
250 500 297 536 τὴν
312 501 481 535 Αἰγεσταίων
499 501 546 529 καὶ
574 503 745 531 Λιλυὸαῖτῶν
770 505 874 541 χώραν,

81 546 125 573 ἔτι
135 546 164 573 δὲ
194 546 248 573 τῶν
271 546 359 573 ἄλλων
383 547 438 574 τῶν
457 547 671 584 πλησιοχώρων,
699 550 787 576 ἐνόσει
808 551 876 586 πρὸς

81 592 238 618 ἀπόστασιν
253 592 288 618 τὰ
304 592 394 627 πλήθη
418 593 471 620 τῶν
490 593 611 621 οἰκετῶν.
633 593 739 621 Γίνεται
758 595 786 621 δὲ
813 596 877 622 τοὺ-

80 645 139 664 των
153 638 276 673 ἀρχηγὸς
292 637 425 672 ’Δθηνίων
437 639 534 674 ὄνομα,
550 639 620 675 ἀνὴρ
645 639 756 676 ἀνδρείᾳ
781 641 876 676 διαφέ-

80 691 150 718 ρων,
177 684 256 716 Κίλιξ
282 683 314 710 τὺ
338 684 424 718 γένος.
449 682 532 715 Οὗτος
547 685 687 721 οίκονόμος
709 686 747 713 ὣν
765 687 838 714 δυοῖν
854 688 875 704 ⁸⁷

78 729 209 764 ἀδελφῶν
236 730 472 764 μεγαλοπλούτων,
506 732 552 758 καὶ
580 731 629 766 τῆς
654 733 875 768 ὰστρομαντικῆς

77 775 186 811 πολλὴν
201 775 270 811 ἔχων
287 775 446 811 ἐμπειρίαν,
462 776 553 803 ἔπεισε
568 777 623 804 τῶν
636 778 750 805 οίκετῶν
765 779 872 814 πρῶτον

80 821 133 855 μὲν
147 822 211 852 τοὺς
228 821 272 856 ὑφ’
286 822 383 849 ἑαυτὸν
395 823 589 857 τεταγμένους,
602 824 667 858 περὶ
683 824 704 840 ⁶¹
719 824 872 856 διακοσίους

76 867 173 900 ὕντας,
191 867 286 894 ἔπειτα
302 868 365 900 τοὺς
378 868 563 903 γειτνιῶντας,
577 868 647 896 ὥστε
659 870 687 896 ὲν
700 870 781 897 πέντε
804 871 873 906 ἡμέ-

77 919 144 947 ραις
163 913 329 948 συναχθῆναι
344 913 453 945 πλείους
466 914 521 940 τῶν
537 914 638 949 χιλίων.
664 914 732 941 Ὑπὸ
761 915 790 941 δὲ
809 916 872 942 τού-

75 966 135 985 των
151 958 274 993 αἱρεθεὶς
291 959 417 994 βασιλεὺς
433 960 480 987 καὶ
493 961 612 996 διάδημα
625 959 813 997 περιθέμενος,
826 964 871 990 ὲν-

75 1003 175 1030 αντίαν
187 1006 245 1035 τοῖς
258 1005 347 1037 ἄλλοις
365 1005 467 1033 ἅπασιν
483 1006 652 1038 ἀποστάταις
675 1008 726 1041 τὴν
751 1008 872 1036 διάθεσιν

75 1050 212 1077 ἐποιεῖτο.
223 1051 260 1077 Οὺ
273 1052 328 1087 γὰρ
343 1052 523 1088 προσεδέχετο
540 1054 645 1085 πάντας
666 1054 728 1085 τοὺς
751 1055 870 1089 ἀφιστα-

76 1095 191 1130 μένους,
203 1097 271 1124 ἀλλά
285 1097 348 1130 τοὺς
369 1098 498 1133 ἀρίστους
512 1099 672 1135 ποιούμενος
687 1100 868 1135 στρατιώτας,

73 1142 141 1173 τσὺς
155 1141 253 1173 ἄλλους
277 1143 416 1177 ἠνάγκαζε
426 1143 556 1178 μένοντας
568 1145 614 1171 ἐπὶ
627 1146 682 1172 τῶν
704 1154 870 1183 προγεγενη-

75 1187 171 1221 μένων
186 1187 324 1222 ἐργασιῶν
341 1189 530 1224 ὲπιμελεῖσθαι
543 1190 593 1225 τῆς
616 1191 684 1223 ιδίας
698 1192 814 1219 ἕκαστον
829 1194 868 1220 οι-

74 1232 209 1267 κονομίας
236 1234 282 1259 καὶ⁸
307 1233 430 1267 τάξεως,
447 1235 476 1268 ἐξ
496 1233 533 1262 ὧν
557 1236 605 1263 καὶ
621 1237 726 1272 τροφὰς
736 1238 869 1272 ἀφθόνους

73 1278 131 1304 τῶν
149 1279 323 1313 στρατιωτῶν
337 1280 503 1315 ἐχορηγεῖτο.
531 1283 725 1317 Προσεποιεῖτο
751 1284 781 1311 δὲ
805 1286 868 1316 τοὺς

73 1322 157 1355 θεοὺς
171 1324 246 1360 αὐτῷ
258 1325 302 1352 διὰ
328 1326 382 1352 τῶν
397 1326 504 1362 ἄστρων
520 1329 717 1364 προσημαίνειν
727 1330 765 1362 ὡς
778 1331 867 1358 ἔσοιτο

71 1369 125 1405 τῆς
149 1369 216 1404 [635
231 1370 279 1407 H.]
303 1372 427 1403 Σικελίας
443 1373 467 1388 ⁸⁸
483 1374 632 1409 συμπάσης
646 1375 773 1410 βασιλεύς
788 1385 796 1393 ι
825 1377 867 1404 διο

71 1415 129 1442 δεῖν
145 1417 232 1452 αὐτῆς
245 1426 274 1443 τε
290 1418 338 1452 τῆς
354 1417 444 1454 χώρας
460 1420 506 1446 καὶ
521 1420 576 1446 τῶν
593 1421 623 1447 ὲν
647 1422 715 1458 αύτῇ
737 1422 815 1454 ζώων
835 1433 866 1450 τε

72 1461 123 1488 καὶ
152 1463 267 1497 καρπῶν
284 1463 322 1495 ὡς
346 1464 418 1491 ἰδίων
440 1466 590 1499 φείδεσθαι.
622 1467 704 1500 Τέλος
734 1469 864 1503 ἀθροίσας

72 1507 146 1542 ὑπὲρ
172 1508 236 1539 τοὺς
265 1509 380 1544 μυρίους
401 1510 534 1546 ἐτόλμησε
559 1512 636 1540 πόλιν
663 1514 819 1550 ἀπόρθητον
833 1516 864 1542 τὸ

963 503 1022 530 .Iam
1052 511 1117 531 vero
1146 510 1173 532 et
1188 507 1259 540 apud
1289 506 1451 542 (Egestaeos,
1474 509 1628 545 pariterque
1654 511 1718 538 Lili-

928 549 1060 580 bsaenses.
1083 557 1114 576 ac
1126 549 1257 578 ﬁnitimos
1273 551 1325 579 illis
1337 552 1461 586 populos,
1479 555 1574 581 eadem
1592 555 1719 584 defectio-

928 594 970 621 nis
993 594 1136 628 cupiditas,
1162 603 1210 623 cett
1236 597 1347 624 morbus
1376 598 1485 632 quidam
1508 606 1556 633 per
1573 607 1716 628 servorum

928 647 1024 674 greges
1048 641 1184 674 serpebat.
1210 641 1309 669 Eorum
1351 649 1442 670 autem
1466 643 1520 671 dux
1543 646 1718 674 constituitur

929 687 1045 715 Athenio
1060 689 1169 722 quidam
1182 690 1224 717 vir
1242 690 1400 719 fortitudine
1417 698 1558 727 przestans,
1575 700 1651 723 ortus
1665 704 1716 723 att-

930 737 983 760 tem
997 740 1012 760 e
1025 732 1131 762 Cilicia.
1145 734 1195 762 Hie
1208 743 1270 763 cum
1282 744 1327 764 res
1337 737 1502 767 domesticas
1518 740 1631 768 duorum
1648 748 1716 774 optt-

929 777 1138 806 leutissiutorum
1157 780 1271 808 fratrum
1293 781 1474 817 dispensaret.
1493 792 1520 813 et
1535 785 1594 820 ejus
1610 795 1672 821 quae
1686 788 1717 814 fit

926 829 959 849 ex
972 823 1053 850 astris
1065 824 1184 852 scientiae
1197 826 1380 860 peritissimus
1394 833 1477 862 esset,
1491 838 1585 860 servos
1600 832 1626 860 iu
1638 841 1715 860 suam

926 870 1086 896 sententiam
1099 872 1232 904 pertraxit
1245 880 1252 899 :
1265 872 1381 907 primum
1392 875 1500 909 quidem
1510 884 1569 909 eos,
1582 885 1650 913 quos
1663 879 1715 906 sub

924 917 1059 947 potestate
1074 915 1200 948 habebat,
1212 924 1325 945 numero
1338 919 1448 948 circiter
1459 920 1608 955 ducentos;
1622 929 1713 958 postea

924 964 989 984 vero
1002 963 1030 986 et
1043 959 1156 992 vicinos,
1166 961 1234 988 adeo
1247 967 1275 989 ut
1289 965 1409 999 quinque
1421 966 1526 994 dierum
1539 969 1628 1002 spatio
1642 970 1715 998 mille

922 1006 950 1029 et
968 1003 1086 1038 amplius
1097 1012 1338 1043 congregarentur.
1349 1008 1391 1038 Ab
1403 1010 1447 1039 his
1463 1017 1553 1041 autem
1569 1022 1616 1042 rex
1633 1023 1712 1044 crea<

923 1051 975 1079 tus,
996 1048 1175 1085 impositoque
1187 1052 1270 1087 capiti
1290 1053 1456 1089 diademate,
1473 1064 1551 1086 secus
1564 1067 1645 1094 quam
1657 1069 1712 1090 ca:-

923 1091 972 1118 teri
1001 1093 1153 1123 defectores
1180 1104 1244 1125 suas
1270 1099 1392 1127 rationes
1422 1091 1592 1132 instituebat.
1620 1104 1714 1140 Neque

921 1137 992 1164 enim
1005 1144 1100 1168 omnes
1111 1145 1245 1176 quotquot
1255 1143 1429 1179 deficiebant,
1445 1147 1603 1183 recipiebat,
1618 1137 1712 1179 sede:

921 1181 953 1209 iis
966 1184 1172 1214 strenuissimos
1187 1194 1308 1224 quosque
1322 1189 1348 1217 in
1362 1198 1472 1220 suorum
1485 1194 1600 1222 militum
1617 1204 1712 1224 nume-

921 1234 979 1254 rum
993 1228 1122 1264 allegens,
1141 1232 1260 1267 reliquos
1287 1237 1416 1271 cogebat,
1442 1240 1565 1273 repetitis
1588 1242 1712 1276 pristinis

919 1272 1043 1307 opiﬁciis,
1059 1283 1281 1319 unumquemque
1294 1283 1418 1310 eumdem
1433 1272 1513 1320 quem
1526 1272 1604 1314 antea
1621 1288 1709 1317 locum

920 1319 1023 1350 tenere,
1043 1321 1070 1345 et
1086 1327 1200 1353 quarum
1218 1328 1308 1350 rerum
1319 1325 1483 1359 dispensatio
1500 1330 1641 1363 cssetejus
1653 1331 1711 1358 oili-

918 1359 1050 1392 cii,.'eam
1080 1364 1201 1392 studiose
1228 1368 1376 1402 suscipere.
1405 1369 1463 1403 Qua
1490 1380 1522 1400 ex
1548 1381 1577 1401 re
1603 1374 1707 1410 largum

917 1405 1000 1433 etiam
1016 1410 1192 1443 comparabat
1205 1412 1263 1439 suis
1281 1421 1471 1443 commeatum.
1493 1417 1578 1446 Porro
1592 1405 1710 1455 ﬁngebat

916 1449 982 1478 deos
1001 1459 1049 1486 per
1067 1457 1139 1481 astra
1156 1454 1276 1483 futurutn
1297 1466 1326 1486 se
1341 1460 1477 1489 universae
1496 1461 1597 1491 Siciliae
1614 1472 1705 1501 regem

916 1494 1140 1528 prmsiguiftcare,
1163 1497 1276 1531 ideoque
1292 1506 1418 1534 oportere
1441 1508 1493 1531 tam
1514 1505 1564 1540 ipsi
1590 1494 1706 1543 regioni.

70 1539 221 1580 Λιλυσαῖον
228 1539 392 1590 πολιορκεῖν.
406 1539 534 1592 Μηδὲνδὲ
546 1539 636 1584 ἀνύων
653 1539 833 1593 μέτᾴἶισὲατο
840 1561 863 1577 ’¹⁰

917 1544 996 1571 quam
1008 1539 1171 1567 animalibus
1182 1546 1210 1569 et
1227 1543 1370 1577 fructibus,
1388 1548 1433 1581 qui
1454 1548 1480 1575 in
1497 1539 1531 1576 ea?
1544 1539 1635 1579 essent
1649 1559 1709 1581 tan-

71 1598 172 1633 αὐτῆς,
197 1599 282 1626 είπὼν
303 1600 378 1635 αὐτῷ
403 1601 567 1635 τοὺς,θεοὺς
593 1604 671 1631 τοῦτο
686 1606 862 1634 ἐπιτάττειν·

71 1645 253 1680 ἐπιμένοντας
270 1647 323 1682 γὰρ
336 1650 369 1683 τῇ
386 1649 529 1686 πολιορκίᾳ
547 1651 752 1688 δυστυχήματος
768 1663 863 1690 πειρα-

70 1691 454 1730 θῆναι.Παρασκευαζομένου
469 1696 491 1712 ⁷³
510 1696 538 1723 δὲ
549 1697 632 1724 αὐτοῦ
661 1699 711 1734 τὴν
735 1700 789 1726 ἀπὸ
812 1701 862 1736 τῆς

70 1738 175 1770 πόλεως
188 1739 371 1776 ἀναχώρησιν,
389 1742 576 1770 κατέπλευσάν
587 1752 658 1776 τινες
674 1746 702 1772 ὲν
710 1747 771 1778 ταῖς
784 1748 862 1774 ναυσὶ

69 1785 231 1819 κομίζοντες
244 1787 402 1819 ἐπιλέκτους
415 1787 617 1825 Μαυρουσίους,
637 1791 662 1818 οἳ
672 1793 719 1819 ἐπὶ
733 1793 860 1829 βοήθειαν

68 1828 139 1866 ἦσαν
154 1831 358 1867 ἀπεσταλμένοι
369 1832 393 1868 [1
401 1833 451 1860 180
460 1834 506 1870 R.]
517 1837 573 1867 τοῖς
584 1837 770 1872 Λιλυῦαἲταις,
783 1839 859 1875 ἕχον.

68 1885 113 1908 τες
125 1878 280 1913 ἡγούμενον
293 1879 323 1911 ὂς
333 1880 491 1915 ὠνομάζετο
505 1882 609 1918 Γόμων.
643 1881 728 1917 Οὗτος
741 1886 790 1912 σὺν
803 1889 860 1920 τοῖς

68 1923 116 1958 ἅμ’
141 1924 217 1960 αὐτῷ
244 1925 315 1952 κατὰ
340 1926 426 1953 νύκτα
451 1929 497 1954 καὶ
511 1929 679 1963 ἀνελπίστως
699 1933 859 1970 ἐπιθέμενος

66 1970 129 2001 τοὺς
145 1971 212 2005 περὶ
223 1971 373 2007 Ἀθηνίωνα
401 1974 619 2010 ὁδοιποροῦντας,
637 1979 752 2012 πολλοὺς
774 1990 858 2008 κατα-

66 2015 207 2047 δαλόντες,
226 2017 277 2043 οὐκ
290 2017 397 2052 ὀλίγους
408 2019 430 2035 ⁷¹
446 2020 475 2046 δὲ
491 2023 737 2057 τραυματίσαντες,
751 2026 790 2058 είς
807 2027 857 2062 τὴν

66 2060 144 2087 πόλιν
156 2061 319 2097 ἐπανῆλθον.
333 2065 432 2101 Διόπερ
443 2066 468 2092 οί
481 2067 632 2095 ἀποστάται
650 2069 698 2105 τὴν
723 2072 756 2098 ἐκ
769 2072 792 2088 ⁷³
807 2060 857 2108 τῆς

65 2105 283 2142 ἀπρομαντείας
297 2109 450 2146 πρόρρησιν
461 2111 626 2148 ἐθαύμαζον.

97 2250 164 2287 Εἶχε
177 2251 207 2279 δὲ
222 2252 272 2288 τὴν
287 2253 426 2282 Σικελείαν
441 2257 531 2283 πᾶσαν
555 2257 576 2273 ⁷⁵
591 2258 723 2294 σύγχυσις
742 2263 790 2288 καὶ¹
805 2272 854 2290 κα-

63 2298 118 2325 κῶν
147 2298 240 2331 Ἶλιάς.
262 2299 298 2327 οὐ
323 2301 377 2336 γὰρ
391 2302 415 2328 οἱ
431 2302 518 2330 δοῦλοι
535 2305 626 2339 μόνον,
643 2305 711 2333 ἀλλὰ
730 2309 777 2334 καὶ
801 2309 855 2336 τῶν

63 2345 217 2380 ἐλευθέρων
230 2347 254 2372 οί
266 2347 366 2383 ἄποροι
377 2349 468 2375 πᾶσαν
481 2350 610 2387 ἁρπαγὴν
622 2353 669 2378 καὶ
681 2355 854 2390 παρανομίαν

61 2391 255 2427 ιργαζόμενοι,
273 2393 323 2420 καὶ
345 2395 408 2427 τοὺς
427 2397 674 2432 περιτυγχάνοντας
692 2401 802 2433 δούλους
822 2413 852 2431 τε

60 2439 106 2465 καὶ
121 2439 292 2475 ἐλευθέρους,
309 2441 384 2473 ὅπως
402 2442 497 2478 μηδεὶς
511 2445 663 2480 ἁπαγγέλοι
676 2448 698 2463 ⁷⁵
718 2448 767 2484 τὴν
786 2451 851 2486 περὶ

61 2485 160 2516 αὐτοὺς
178 2485 319 2519 ἀπόνοιαν,
338 2488 464 2522 ἐφόνευον
480 2489 605 2523 ἀναιδῶς.
624 2493 670 2520 Διδ
684 2496 731 2521 καὶ
750 2485 850 2530 πάντες

57 2531 80 2555 οί
94 2530 168 2557 κατὰ
181 2530 231 2563 τὰς
245 2533 336 2565 πόλεις
350 2534 540 2570 ὑπελάμϐανον
551 2537 586 2563 τὰ
603 2538 653 2573 μὲν
668 2541 742 2572 ἐντὸς
753 2543 850 2577 τειχῶν

59 2576 135 2617 μόλις
155 2575 226 2604 εῐναι
243 2578 305 2611 ἴδια,
318 2579 352 2606 τὰ
362 2580 386 2607 δ’
399 2581 478 2614 ἐκτὸς
499 2582 626 2620 ἀλλότρια
639 2587 686 2613 καὶ
700 2587 781 2615 δοῦλα.
795 2575 846 2626 τῆς

864 1605 866 1607 .
881 1585 898 1588 “
915 1590 994 1617 quam
1013 1585 1128 1619 propriis
1140 1594 1264 1621 parcere.
1280 1588 1398 1618 Tandem
1413 1600 1477 1620 vero
1489 1602 1549 1622 cutn
1564 1604 1645 1631 supra
1660 1598 1707 1626 tle-

913 1635 972 1655 cem
987 1630 1068 1656 millia
1082 1630 1219 1659 hominum
1232 1635 1527 1674 coegisset,Lilybmutn
1541 1630 1707 1679 inexpugna-

916 1675 994 1703 bilem
1024 1677 1118 1704 urbem
1146 1679 1272 1708 obsidere
1295 1686 1337 1710 est
1355 1691 1451 1718 ausus;
1472 1687 1520 1715 sed
1542 1696 1572 1716 se
1596 1698 1704 1724 operam

915 1723 1029 1756 perdere
1048 1724 1277 1761 animadvertetis,
1299 1729 1468 1760 obsidionem
1489 1723 1619 1769 tanquam
1633 1738 1704 1765 deo-

914 1776 973 1795 rum
1000 1770 1114 1804 imperio
1139 1771 1243 1805 solvit,"
1257 1778 1349 1809 utpote
1382 1776 1470 1811 aliqua
1494 1787 1546 1807 non
1575 1782 1705 1810 mediocri

911 1814 1080 1848 impendente
1096 1816 1250 1845 calamitate
1265 1819 1407 1849 obsidione
1419 1831 1472 1851 non
1494 1824 1704 1856 abstinentibus.

909 1858 976 1886 Cum
1000 1861 1082 1895 igitur
1107 1863 1142 1890 ab
1165 1863 1230 1890 urbe
1254 1867 1380 1894 recedere
1403 1875 1521 1903 pararet,
1544 1872 1703 1906 appulerunt

910 1912 1007 1940 naves,
1028 1908 1152 1941 quaedam
1180 1908 1312 1937 delectam
1353 1911 1508 1942 Maurorum
1539 1917 1704 1947 advehcules

908 1957 1028 1984 manum,
1059 1953 1159 1980 auxilio
1176 1954 1389 1988 Lylibalensibus
1413 1959 1521 1988 missam
1541 1970 1548 1990 :
1569 1964 1612 1990 cui
1630 1972 1702 1999 prae-

907 2001 964 2022 erat
978 1997 1086 2030 quidam
1102 1999 1211 2026 nomine
1231 1999 1346 2029 Gomon.
1360 2002 1410 2032 Hic
1426 2013 1488 2033 cttm
1504 2009 1561 2036 suis
1576 1997 1657 2038 noctu
1675 2018 1703 2041 et

907 2039 1054 2074 improviso
1070 2043 1250 2072 Athenioucm
1280 2053 1344 2076 suas
1360 2050 1450 2084 copias
1465 2052 1607 2082 ducentem
1620 2056 1701 2084 adur-

907 2091 959 2120 tus,
973 2094 1034 2115 eum
1051 2090 1149 2117 multos
1162 2091 1213 2118 iter
1223 2091 1355 2122 facientes
1367 2102 1543 2132 prostrassct,
1559 2109 1612 2129 non
1633 2110 1700 2137 pan-

906 2139 952 2160 cos
973 2139 1063 2162 autem
1096 2136 1276 2170 vulnerasset,
1303 2139 1337 2167 ad
1363 2142 1456 2170 urbem
1480 2145 1574 2178 pedem
1599 2136 1698 2176 retulit.

906 2180 995 2213 Quare
1005 2181 1049 2209 illa
1061 2183 1223 2213 Athenionis
1233 2193 1265 2214 ex
1279 2188 1376 2216 castris
1394 2190 1549 2220 vaticinatio
1562 2194 1588 2220 in
1614 2198 1700 2229 pretio

873 2241 896 2268 ο
908 2229 934 2253 et
951 2226 1130 2256 admiratione
1145 2235 1213 2257 erat.

940 2281 1013 2309 Inter
1037 2289 1068 2310 ea
1093 2289 1184 2312 autem
1213 2287 1290 2315 valde
1312 2289 1442 2318 confusus
1469 2294 1697 2333 perturbatusque

903 2332 1062 2355 eratrerum
1089 2327 1190 2357 Siciliae
1207 2337 1305 2366 status,
1331 2341 1448 2370 vereque
1472 2327 1607 2367 rmalorum
1634 2327 1697 2369 Ilias

902 2379 961 2399 eam
984 2380 1173 2408 occupaverat.
1192 2376 1284 2412 Neque
1306 2379 1379 2406 enim
1404 2382 1475 2411 servi
1491 2384 1631 2420 duntaxat,
1647 2389 1695 2416 scd

902 2418 982 2444 etiam
996 2427 1030 2446 cx
1051 2420 1143 2449 liberis
1164 2422 1320 2452 hominibus
1344 2426 1360 2453 ii
1373 2428 1419 2461 qui
1442 2435 1564 2463 egestate
1586 2440 1695 2467 preme-

904 2463 1014 2497 bantur,
1040 2473 1120 2494 omne
1145 2467 1282 2497 latrocinii
1307 2464 1456 2507 ﬂagitiique
1473 2483 1558 2509 genus
1581 2463 1695 2507 exerce-

904 2508 981 2537 bant.
994 2511 1030 2538 At
1046 2519 1079 2540 ne
1093 2514 1153 2548 quis
1171 2515 1239 2542 hanc
1255 2517 1387 2551 perditam
1403 2508 1553 2555 nequitiam
1570 2525 1693 2554 nuntiare

904 2561 1005 2590 posset,
1021 2558 1129 2586 obvimn
1142 2562 1299 2595 quemlibet,
1318 2572 1427 2592 servum
1444 2568 1547 2601 pariter
1568 2574 1596 2596 et
1617 2571 1691 2606 inge-

902 2608 970 2630 nuos
997 2605 1176 2634 trucidabant.
1208 2607 1286 2636 Unde
1314 2609 1405 2644 ﬁebat,
1419 2617 1448 2640 ut
1472 2614 1516 2648 qui
1541 2614 1568 2642 iu
1588 2618 1691 2651 oppidis

709 2672 825 2702 VARUS
843 2676 1045 2711 LECTIONES.

123 2716 200 2758 δυεῖν
211 2717 240 2746 Β.
272 2718 379 2758 ’βπερὶ
391 2729 445 2748 om.
462 2722 490 2750 Β.
529 2725 552 2740 "
567 2726 687 2758 σικελίας
702 2727 722 2754 Β
733 2733 760 2755 et
776 2737 849 2758 corr.

55 2749 75 2765 ⁷¹
89 2752 185 2786 ὀλίγας
203 2762 233 2786 ς.
272 2755 294 2770 ⁷³
306 2757 338 2782 ἐκ
354 2749 391 2783 lt:
409 2758 461 2784 ἀπὸ
475 2767 504 2790 ς.

89 2870 146 2907 (70)
160 2870 257 2900 Cicct'o
274 2872 306 2899 In
330 2872 445 2902 Verrem.

567 2734 687 2768 “"55”;
702 2734 722 2754 δ
733 2734 760 2755 θί
776 2737 849 2758 com
867 2734 887 2759 Α
904 2743 911 2761 τ
929 2735 1065 2769 βασιλείας
1080 2749 1110 2772 ς·-
1146 2743 1169 2759 ⁷⁰
1184 2744 1311 2774 ἀνίστατο
1324 2747 1354 2776 Β.
1389 2749 1410 2765 ⁷¹
1434 2751 1635 2789 σκευαζομένου
1654 2762 1687 2786 ς.

557 2760 581 2776 ⁷⁵
598 2769 686 2788 πασαν
702 2771 756 2789 mc.
773 2775 780 2789 ι
799 2767 857 2789 ltltri
874 2770 948 2789 πεῖν,
1014 2774 1035 2789 τε
1052 2775 1187 2789 3...-..uns.
1243 2783 1251 2789 .

598 2767 686 2788 πᾶσαν
702 2771 756 2798 mg.
773 2775 780 2792 :
799 2767 857 2794 Ιώι·ἰ
874 2767 961 2800 πᾶσα,

774 2823 888 2861 Norat,

1014 2774 1035 2789 ⁷⁵
1049 2775 1219 2812 ἀπαγγέλλοι
1237 2783 1269 2809 Α.
