1923 3093
100 132 170 169 “25

611 138 877 170 BIBLIOTHECA.
892 151 926 158 -
944 140 1027 171 COD.
1058 141 1205 172 CCXLIV.

1665 139 1734 171 1426

92 192 142 218 καὶ
166 191 337 226 Ἀκαρνᾶνας
344 190 368 207 ’⁷
383 191 572 226 ὀκτακοσίους,
585 193 618 220 ἐκ
628 194 657 220 δὲ
668 194 718 229 τῆς
730 195 884 226 Λευκανίας

947 204 968 223 ex
978 195 1096 224 Lucania
1105 204 1171 224 vero
1177 196 1239 228 600,
1249 196 1347 231 quibus
1361 194 1604 231 prmeratCleptius
1612 195 1731 231 impera-

91 235 265 269 ἑξακοσίους,
289 233 328 264 ὢν
340 238 434 273 ἠγεῖτο
447 238 594 272 Κλέπτιος,
614 239 686 275 ἀνὴρ
700 241 886 276 στρατηγικὸς

91 281 142 308 καὶ
155 282 201 308 ἐπ’
213 281 325 318 ἀνδρείᾳ
340 282 514 318 περιϐόητος,
533 283 573 310 ἔτι
587 283 616 310 δέ
630 285 678 311 καὶ
695 285 807 320 ἐτέρους
823 286 888 318 ἐξα-

90 327 219 360 κοσίους,
248 327 286 359 ὡς
315 328 443 362 γενέσθαι
469 328 631 363 σύμπαντας
667 330 889 365 ἑπτακισχιλίους

91 373 141 400 καὶ
160 372 286 408 μυρίους,
298 373 346 405 οὓς
359 373 430 410 ἔχων
441 374 574 402 κατέλαϐε
590 376 640 411 τὴν
655 376 790 404 Σικελίαν.
816 377 845 404 '0
859 377 889 404 δὲ

91 417 214 454 τρύφων
227 418 370 451 ἀπολύσας
394 419 546 455 Ἀθηνίωνα
558 421 608 456 τῆς
623 421 713 453 αιτίας
733 422 891 450 ἐϐουλεύετο

94 465 162 499 περὶ
179 464 227 491 τοῦ
254 465 323 500 πρὸς
355 465 511 501 Ῥωμαίους
540 467 671 502 πολέμου.
701 468 757 495 Καὶ
775 468 814 504 τῷ
841 469 896 504 μέν.

93 511 215 546 ἤρεσκεν
229 511 260 538 ἐν
274 513 331 543 τοῖς
345 511 507 548 Τριοκάλοις
515 513 707 546 ἀγωνίζεσθαι,
721 513 854 549 Ἀθηνίων
863 514 892 541 δέ

94 556 275 584 συνεϐούλευε
293 557 332 592 μὴ
349 558 505 592 συγκλείειν
526 559 640 591 ἑαυτοὺς
662 560 703 591 είς
721 560 892 595 πολιορκίαν,

93 602 155 629 ἀλλ’
185 604 214 629 ἐν
239 603 366 639 ὑπαίθρῳ
398 604 619 639 διαγωνίζεσθαι.
647 606 835 641 Κρατησάσης
863 606 893 633 δέ

91 647 200 684 ταύτης
215 649 239 665 ⁸⁸
258 649 311 680 τῆς
336 649 435 685 βουλῆς
458 652 762 687 κατεστρατοπέδευσαν
780 651 894 687 πλησίον

92 694 248 730 Σκιρθαίας
274 695 310 727 ⁸³,
331 695 408 727 ὄντες
420 696 470 723 οὑκ
484 696 615 729 ἐλάττους
631 697 687 724 τῶν
705 706 893 733 τετρακισμυ-

94 743 166 776 ρίων
182 748 190 756 ’
219 741 317 776 ἀπεῖχε
344 741 367 768 δ’
389 742 481 769 αὐτῶν
506 743 523 778 ή
558 743 704 777 Ῥωμαίων
730 743 892 780 παρεμϐολὴ

93 786 195 813 στάδια
209 786 381 815 δυοκαίδεκα.
398 788 435 814 Τὸ
447 789 496 823 μὲν
510 785 558 816 οὖν
571 788 681 825 πρῶτον
692 789 812 824 ἐγίνοντο
832 798 896 816 συν·

93 835 172 870 εχεῖς
182 834 379 870 ἀκροϐολισμοί
392 843 399 851 ·
417 832 477 868 εἶτα
493 836 730 871 παραταξαμένων
742 837 893 871 ἑκατέρων,

939 246 993 274 tor,
1005 242 1043 269 rei
1055 241 1138 268 milita
1144 242 1180 268 ris
1192 241 1307 269 scientia
1319 245 1346 268 et
1354 239 1515 268 fortitudine
1525 239 1733 268 celeberrimus.

939 286 1014 313 Alios
1033 289 1164 320 praeterea
1176 285 1239 318 600,
1258 286 1325 313 adeo
1338 290 1368 313 ut
1379 285 1500 313 universi
1517 293 1661 313 numerum
1694 293 1735 313 se-

939 332 1100 368 ptemdecim
1125 331 1239 359 millium
1256 331 1402 359 efficerent.
1417 331 1484 358 Cum
1504 331 1546 358 his
1567 332 1653 365 copiis
1667 330 1737 359 Sici-

940 379 1004 407 liam
1029 384 1154 413 occupat.
1186 378 1317 414 Tryphon
1345 378 1427 413 igitur
1453 377 1561 412 culpam
1586 377 1733 405 Athenioni

942 424 1111 456 condonans,
1129 424 1162 451 ad
1178 424 1403 452 deliberationem
1416 424 1450 451 de
1466 423 1537 451 bello
1554 423 1580 450 in
1597 423 1737 450 Romanos

942 469 1061 505 gerendo
1071 476 1135 497 eum
1152 469 1287 497 adhibuit.
1301 468 1336 496 Et
1354 468 1510 504 Trypltonis
1522 469 1630 504 quidem
1647 469 1738 496 consi-

943 516 1010 543 lium
1035 520 1107 548 erat,
1137 519 1167 542 ut
1188 514 1322 542 Triocalis
1347 520 1500 547 manentes,
1527 515 1591 542 inde
1616 520 1736 550 pugnam

943 562 1144 590 committerent
1159 571 1166 588 :
1186 561 1302 588 Athenio
1317 564 1406 588 autem
1422 565 1520 588 auctor
1532 565 1602 593 erat,
1619 568 1653 587 ne
1665 561 1736 595 selpa-

943 615 988 635 sos
1005 607 1147 635 obsidione
1172 607 1317 634 intercludi
1341 610 1509 641 paterentur,
1529 605 1578 634 sed
1597 606 1689 641 potius
1708 606 1734 633 in

943 657 1037 688 aperto
1060 659 1158 687 campo
1178 651 1349 679 dimicarent.
1371 652 1439 679 Cum
1465 652 1548 686 igitur
1570 650 1661 687 potior
1678 651 1736 678 visa

945 702 1018 726 esset
1032 698 1090 725 hac
1112 697 1269 730 sententia.
1299 697 1377 731 juxta
1402 696 1563 724 Sclrthaeam
1590 701 1738 724 castrame-

943 744 994 771 tati
1010 748 1084 776 sunt,
1104 743 1283 778 quadraginta
1297 742 1416 770 millibus
1429 749 1481 770 non
1508 742 1659 778 pauciores.
1683 741 1738 769 Ah-

944 795 1023 817 erant
1037 797 1101 817 vero
1118 789 1153 817 ab
1171 789 1205 817 iis
1219 789 1403 817 Romanorum
1418 794 1507 817 castra
1519 789 1644 823 passibus
1656 788 1736 816 1250.

945 838 1040 865 Primo
1065 837 1148 873 igitur
1181 836 1309 864 velitares
1335 843 1431 871 pugnae
1453 836 1567 864 subinde
1585 835 1739 863 committe-

93 880 146 908 καὶ
166 881 216 916 τῆς
233 882 324 918 μάχης
340 879 391 910 ὧδε
412 882 524 909 κάκεῖσε
545 882 697 918 ῥεπούσης,
723 883 770 909 καὶ
789 882 895 910 πολλῶν

948 886 1046 912 bantur
1066 892 1074 911 ι
1097 883 1146 911 sed
1173 889 1235 910 cum
1250 881 1359 909 tandem
1381 882 1508 917 utrinque
1528 881 1615 909 aciem
1636 881 1739 909 instru-

92 928 274 964 ἑκατέρωθεν
289 929 455 961 πιπτόντων,
471 929 485 956 ό
502 928 553 962 μὲν
572 929 703 963 Ἀθηνίων
714 928 784 964 ἔχων
795 929 817 945 ⁹¹
833 937 896 956 συν-

93 973 318 1008 αγωνιζομένους
340 973 494 1006 διακοσίους
515 974 609 1006 ἱππεῖς
631 974 792 1007 ἐπιλέκτων,
805 974 896 1002 πάντα

92 1019 144 1046 ςδν
169 1020 234 1056 περὶ
257 1019 341 1047 αὑτὸν
368 1021 452 1048 τόπον
471 1020 578 1056 νεκρῶν
602 1021 757 1057 ἐπλήρωσε,
778 1021 896 1057 τρωθεὶς

93 1065 120 1093 δ’
135 1066 176 1098 εἰς
188 1067 333 1103 ἀμφότερα
345 1067 379 1094 τὰ
398 1067 501 1102 γόνατα
516 1068 563 1094 καὶ
583 1068 679 1103 τρίτην
699 1067 800 1101 λαϐὼν,
811 1068 897 1103 ἀχρη-

96 1119 164 1143 στος
179 1110 291 1146 ἐγένετο
301 1111 370 1146 πρὸς
383 1111 433 1147 τὴν
448 1112 548 1147 μάχην,
562 1111 592 1145 ἐξ
603 1108 635 1139 οὖ
650 1113 675 1139 οί
689 1112 822 1148 δραπέται
836 1113 896 1144 ταῖς

92 1156 201 1191 ψυχαῖς
221 1157 350 1188 πεσόντες
360 1158 429 1193 πρὸς
441 1159 531 1194 φυγὴν
541 1159 710 1194 ἐτράπησαν.
737 1158 767 1186 '0
779 1158 808 1185 δέ
819 1158 897 1195 Ἀθη-

96 1203 166 1229 νίων
177 1203 215 1235 ὡς
234 1203 331 1239 νεκρὸς
345 1203 383 1231 ὢν
397 1204 488 1238 ἔλαθε,
505 1205 552 1232 καὶ
563 1205 758 1241 προσποιηθεὶς
772 1206 895 1232 τετελευ-

97 1249 217 1284 τηκέναι
233 1249 284 1285 τῆς
298 1250 396 1282 νυκτὸς
412 1250 595 1286 ἐπιλαϐούσης
609 1250 737 1286 διεσώθη.
759 1250 896 1286 Ἐπεκρά-

96 1304 187 1328 τησαν
201 1295 229 1322 δὲ
241 1295 376 1331 λαμπρῶς
393 1296 418 1323 ol.
439 1297 581 1331 Ῥωμαῖοι,
604 1297 744 1332 φυγόντων
767 1296 814 1323 καὶ
839 1296 895 1323 τῶν

99 1340 173 1375 μετά
184 1340 334 1375 Τρύφωνος
351 1341 399 1367 καὶ
411 1341 493 1368 αὑτοῦ
505 1341 609 1369 ἐκείνου
624 1349 632 1358 ο
646 1341 693 1368 καὶ
705 1341 810 1368 πολλῶν
826 1340 898 1368 κατά

98 1386 151 1421 τὴν
168 1386 258 1420 φυγὴν
273 1387 413 1413 κοπέντων
426 1387 503 1418 τέλος
517 1387 568 1413 οὐκ
582 1387 710 1418 ἐλάττους
727 1385 782 1413 τῶν
797 1386 897 1421 δισμυ-

99 1433 169 1469 ρίων
183 1432 367 1468 ἀνῃρέθησαν.
384 1432 415 1460 Ol
426 1432 455 1459 δὲ
468 1432 557 1459 λοιποὶ
571 1432 621 1468 τῆς
637 1432 736 1464 νυκτὸς
748 1431 898 1467 συνεργού-

99 1487 152 1514 σης
176 1478 305 1512 διέφυγον
327 1478 367 1510 είς
389 1479 423 1505 τὰ
449 1478 587 1513 Τριόκαλα
602 1486 610 1493 ·
628 1478 717 1504 καίτοι
738 1478 803 1513 ῥᾷον
820 1478 844 1493 ⁹¹
863 1474 898 1512 ἦν

98 1522 276 1556 ἐπιδιώξαντι
298 1523 338 1558 τῷ
356 1522 502 1559 στρατηγῷ
515 1524 562 1550 καὶ
574 1522 686 1554 τούτους
698 1522 813 1549 ἀνελεῖν.
837 1522 897 1548 Ἐπὶ

97 1567 228 1595 τοσοῦτον
244 1568 273 1594 δὲ
286 1568 470 1595 τεταπείνωτο
483 1568 513 1595 τὸ
523 1568 669 1600 οἰκετικὸν,
680 1567 752 1594 ὥστε
763 1566 811 1593 καὶ
822 1566 898 1593 ἐϐουο

100 1613 236 1640 λεύσαντο
263 1613 309 1640 ἐπὶ
330 1613 395 1644 τοὺς
409 1613 522 1648 κυρίους
537 1612 738 1648 ἐπαναδραμείν
759 1611 807 1639 καὶ
828 1611 900 1646 σφᾶς

97 1659 194 1691 αὐτοῖς
215 1658 369 1694 ἐγχειρίσαι
384 1668 391 1676 η
415 1659 484 1694 πλὴν
497 1659 686 1695 ἐπεκράτησεν
699 1659 716 1693 ὴ
731 1657 830 1693 γνώμη
844 1656 898 1683 τῶν

102 1703 186 1739 μέχρι
210 1704 342 1738 τελευτῆς
369 1703 547 1739 ὑποθεμένων
572 1702 760 1738 ἀγωνίσασθαι
785 1701 833 1728 καὶ
859 1700 898 1736 μὴ

97 1752 155 1781 τοῖς
162 1749 270 1784 ἐχθροῖς
280 1749 396 1781 ἑαυτοὺς
407 1749 635 1784 καταπροδοῦναι.
647 1748 726 1776 Μετὰ
736 1747 759 1775 δ’
767 1747 867 1782 ἐνάτην
874 1747 898 1763 ’³

99 1796 210 1832 ἡμέραν
226 1798 240 1824 ό
264 1798 417 1833 στρατηγὸς
437 1794 489 1834 ἧκε
508 1797 697 1833 πολιορκήσων
713 1796 748 1823 τὰ
771 1795 836 1832 {657
851 1795 898 1831 H.]

99 1842 249 1877 Τριόκαλα.
260 1843 314 1870 Καὶ
325 1842 360 1869 τά
374 1844 424 1878 μὲν
439 1843 568 1879 ἀναιρῶν,
576 1842 610 1869 τὰ
617 1843 646 1870 δὲ
656 1842 680 1859 ’⁸
690 1841 897 1877 ἀναιρούμενος,

99 1888 212 1915 ἔλαττον
239 1888 310 1924 ἔχων
335 1888 494 1924 ἀπηλλάγη,
519 1889 567 1916 καὶ
593 1889 619 1915 oi.
645 1888 798 1916 ἀποστάται
821 1886 898 1917 αὖθις

99 1934 361 1970 ἐφρονηματίζοντο.
378 1935 463 1961 Ἤνυε
474 1934 503 1961 δὲ
513 1934 569 1961 τῶν
581 1934 696 1962 δεόντων
706 1934 721 1961 ὁ
733 1932 895 1968 στρατηγὸς,

99 1981 156 2007 εἴτε
176 1980 221 2007 διὰ
237 1979 379 2016 ῥᾳστώνην
397 1981 453 2008 εῐτι
471 1980 515 2007 διὰ
530 1979 705 2016 δωροδοκίαν,
722 1979 798 2006 οὐδέν
812 1986 822 1994 ο
837 1976 898 2005 ἀνθ’

98 2021 139 2052 ὧν
151 2026 200 2053 καὶ
212 2025 291 2061 δίκην
303 2025 416 2061 ὕστερον
432 2025 539 2061 κριθεὶς
559 2024 705 2060 Ῥωμαίοις
720 2024 816 2052 ἔδωκε.

946 930 1072 964 xisseut,
1115 929 1217 963 diuque
1247 927 1358 963 ancipiti
1391 927 1478 955 Marte
1516 930 1738 962 pugnaturae:-

945 982 998 1010 set,
1014 984 1045 1004 ac
1060 976 1136 1004 multi
1157 976 1192 1004 ab
1203 980 1319 1010 utraque
1334 979 1411 1010 parte
1430 973 1606 1006 cecidissent,
1619 974 1739 1002 Athenio

946 1021 1123 1058 διερειυεῖοο
1136 1021 1245 1050 selectis
1258 1020 1406 1055 equitibus,
1419 1025 1509 1055 strage
1519 1021 1612 1047 omnia
1621 1021 1739 1048 circum-

946 1073 1054 1101 quaque
1070 1065 1191 1100 implevit
1205 1073 1212 1092 :
1239 1071 1332 1092 verum
1352 1071 1422 1099 genu
1439 1069 1556 1098 utroque
1569 1064 1738 1098 vulneratus,

947 1120 1039 1148 postea
1060 1117 1087 1140 et
1106 1113 1188 1140 tertio
1210 1112 1322 1140 vulnere
1341 1112 1367 1139 in
1389 1111 1440 1139 alia
1455 1112 1577 1147 corporis
1593 1117 1670 1148 parte
1691 1121 1739 1140 ac-

946 1164 1035 1194 cepto,
1051 1167 1148 1194 pugna:
1160 1158 1233 1186 utilis
1259 1165 1321 1186 esse
1336 1158 1425 1186 desiit.
1438 1158 1619 1191 Quamobrem
1634 1158 1739 1195 fugitivi

947 1206 1067 1232 animum
1081 1203 1294 1239 despondentes,
1313 1203 1385 1238 fugae
1402 1211 1431 1231 se
1448 1204 1592 1232 dederunt.
1622 1204 1739 1232 Athenio

947 1255 1036 1278 autem
1048 1258 1108 1277 curn
1118 1254 1241 1278 mortuus
1254 1249 1423 1282 crederetur,
1436 1249 1562 1283 latitavit,
1574 1254 1602 1277 et
1612 1250 1739 1279 simulata

946 1296 1143 1331 aliquantisper
1154 1301 1252 1329 morte,
1263 1303 1326 1323 cum
1344 1296 1462 1330 primum
1473 1303 1524 1323 nox
1541 1296 1662 1328 advertit,
1675 1295 1738 1332 fuga

948 1342 998 1369 sibi
1014 1342 1130 1369 salutem
1157 1342 1269 1377 peperit.
1293 1341 1456 1369 Praeclaram
1481 1349 1547 1369 vero
1564 1342 1653 1377 adepti
1677 1348 1742 1370 sunt

948 1387 1064 1414 Romani
1081 1387 1233 1420 victoriam,
1247 1386 1401 1422 Tryphonis
1415 1387 1561 1414 comitibus
1577 1391 1604 1414 et
1622 1387 1668 1415 illo
1682 1388 1742 1421 ipso

949 1434 975 1461 in
997 1432 1088 1468 fugam
1111 1433 1262 1465 conversis,
1284 1433 1428 1468 multisque
1449 1433 1475 1460 in
1497 1431 1559 1468 fuga
1578 1433 1665 1465 caesis,
1680 1437 1741 1460 tan-

949 1480 1009 1507 dem
1026 1479 1119 1514 viginti
1136 1479 1219 1506 millia
1242 1486 1375 1506 caesorum
1398 1484 1590 1513 compererunt
1610 1486 1682 1507 esse.
1707 1479 1742 1507 At

951 1524 1048 1559 reliqui
1067 1524 1262 1552 commoditate
1279 1524 1366 1551 noctis
1386 1524 1437 1556 usi,
1454 1524 1487 1550 ad
1504 1523 1627 1551 Triocala
1643 1523 1741 1552 confu—

949 1574 1055 1604 gerant,
1073 1577 1229 1604 quanquam
1247 1573 1274 1595 et
1289 1569 1338 1596 hos
1353 1570 1507 1597 interficere
1524 1569 1604 1597 facile
1615 1574 1673 1597 erat
1690 1570 1742 1597 im—

948 1616 1080 1650 peratori,
1093 1615 1116 1642 si
1135 1621 1295 1650 persecutus
1312 1622 1360 1642 eos
1373 1614 1482 1643 fuisset.
1499 1615 1578 1643 Adeo
1592 1619 1680 1643 autem
1693 1615 1742 1642 ab-

944 1661 1069 1696 jecerant
1093 1661 1200 1688 animos
1223 1660 1306 1692 servi,
1332 1665 1362 1687 ut
1387 1660 1469 1688 etiam
1496 1660 1529 1688 de
1554 1660 1691 1687 redeundo
1708 1659 1742 1688 ad

948 1707 1082 1740 dominos,
1094 1714 1278 1741 sequeeorum
1292 1705 1741 1742 potestaticommittendo,delihe-

949 1753 1019 1780 ratio
1042 1753 1076 1780 ab
1100 1752 1134 1779 iis
1158 1751 1296 1786 proposita
1324 1751 1417 1779 fuerit.
1446 1751 1546 1778 Eorum
1571 1756 1661 1778 tamen
1678 1751 1744 1779 vicit

952 1799 1096 1831 sententia,
1109 1798 1154 1833 qui
1168 1802 1293 1825 auctores
1308 1801 1386 1826 erant
1398 1802 1427 1824 ut
1443 1797 1475 1823 ad
1487 1801 1639 1824 extremum
1655 1804 1743 1831 usque

952 1845 1077 1880 spiritum
1101 1844 1274 1877 dimicarent,
1292 1851 1342 1871 nec
1366 1843 1417 1878 ipsi
1433 1843 1538 1877 seipsos
1553 1843 1698 1878 prodentes
1716 1843 1744 1870 in

953 1897 1050 1917 manus
1067 1889 1185 1916 hostium
1203 1896 1232 1916 se
1249 1889 1399 1917 traderent.
1421 1887 1504 1916 Sexto
1524 1893 1585 1923 post
1599 1888 1643 1916 die
1660 1889 1745 1923 impe-

953 1940 1028 1964 rator
1045 1934 1080 1962 ad
1096 1934 1245 1962 obsidenda
1261 1933 1386 1962 Triocala
1407 1933 1490 1968 venit,
1512 1933 1558 1968 qui
1578 1941 1639 1961 curn
1652 1933 1746 1962 hostes

951 1983 1079 2015 caederet,
1102 1980 1277 2016 vicissimque
1297 1981 1332 2009 ab
1360 1980 1414 2009 illis
1446 1981 1610 2013 caederetur,
1635 1981 1744 2008 tandem

951 2027 1066 2055 inferior
1091 2026 1226 2054 discessit.
1251 2026 1310 2059 Qua
1335 2033 1369 2053 ex
1394 2033 1424 2053 re
1449 2026 1564 2053 multum
1585 2025 1691 2053 fiduciae
1714 2035 1746 2053 ac

101 2081 215 2116 spiritus
232 2081 414 2110 defectoribus
440 2082 531 2109 rediit.
550 2081 648 2117 3901:
671 2081 727 2109 Nec
741 2088 804 2108 vero
820 2080 879 2115 ipse
897 2078 1048 2112 imperator
1075 2074 1130 2102 ulla
1146 2074 1173 2101 in
1195 2078 1274 2108 parte
1291 2073 1359 2108 (sive
1375 2080 1432 2108 prae
1452 2073 1568 2107 desidia,
1581 2073 1639 2101 sive
1670 2073 1744 2108 quod

101 2127 262 2159 muneribus
276 2133 420 2163 corruptus
433 2127 516 2163 esset)
551 2127 639 2155 ollicio
659 2135 709 2156 suo
730 2126 927 2155 satisfaciebat.
951 2121 1027 2151 Unde
1044 2119 1128 2149 etiam
1145 2124 1241 2156 pastea
1257 2119 1428 2155 injudicium
1446 2127 1462 2146 a
1477 2119 1607 2147 Romanis
1621 2125 1744 2158 vocatus,

102 2173 288 2208 multatusque
304 2173 362 2201 fuit.

139 2220 218 2250 Γάϊος
231 2220 260 2247 δὲ
271 2216 425 2256 Σερουΐλιος
441 2219 651 2255 καταπεμφθεὶς
670 2217 825 2254 στρατηγὸς
839 2217 895 2244 διάμ

985 2213 1020 2240 At
1033 2212 1117 2240 Caius
1132 2209 1264 2238 Servilius
1273 2208 1373 2236 missmi
1386 2208 1544 2243 imperatori
1558 2208 1672 2236 Lucullo
1682 2216 1746 2236 suc-

102 2267 181 2302 δοχος
189 2266 368 2298 Λουκούλλου,
380 2266 437 2293 οὐδ’
447 2266 528 2298 αὑτός
539 2274 566 2292 τι
575 2265 651 2298 ἀξιον
661 2264 771 2300 μνήμης
781 2262 894 2299 ἔπραξε·

103 2311 144 2340 αδ
160 2313 208 2340 καὶ
224 2312 325 2347 ὁμοίως
338 2312 499 2347 Λουκούλλῳ
524 2312 637 2346 ὕστερον
656 2312 729 2346 φυγῇ
751 2309 897 2337 κατεδικά-

105 2357 169 2392 σθη.
198 2357 416 2392 Τελευτήσαντος
429 2357 459 2383 δέ
475 2356 623 2393 Τρύφωνος
639 2356 762 2391 διάδοχος
777 2355 828 2390 τῆς
850 2355 896 2388 ἀρ-

104 2403 157 2437 χῆς
173 2402 188 2428 ό
213 2401 346 2436 ’Λθηνίων
367 2401 541 2433 καθίσταται,
562 2400 609 2428 καὶ
633 2399 712 2427 τοῦτο
735 2400 784 2435 μὲν
804 2399 896 2431 πόλεις

105 2446 274 2482 ἐπολιόρκει,
288 2445 368 2473 τοῦτο
382 2446 410 2473 δέ
427 2446 518 2473 πᾶσαν
534 2446 585 2481 τὴν
610 2444 702 2481 χώραν
720 2443 806 2476 ἀδεῶς
828 2452 898 2471 κατ-

106 2493 214 2528 έτρεχε,
222 2493 269 2519 καὶ
284 2491 389 2519 πολλῶν
399 2492 553 2528 ἐκυρίευσε,
564 2490 612 2518 τοῦ
620 2490 772 2526 Σερουϊλίου
785 2490 899 2525 μηδὲν,³⁵

106 2539 351 2573 ἀντιπράττοντος.

142 2582 198 2610 Τοῦ
215 2583 237 2610 δ’
249 2583 383 2610 ἐνιαυσίου
396 2583 492 2619 χρόνου
507 2583 657 2613 διελθόντος
669 2582 771 2614 ὕπατος
787 2583 815 2610 ἐν
833 2582 900 2609 Ῥώ-

109 2637 148 2665 μῃ
161 2629 240 2661 Γάϊος
252 2630 357 2664 Μάριος
371 2629 456 2665 ᾑρέθη
466 2630 497 2656 τὸ
507 2629 632 2664 πέμπτον
646 2629 693 2655 καὶ
710 2629 789 2659 Γάϊος
800 2627 898 2654 ’Λκύλ-

108 2675 166 2708 λιος
177 2683 184 2690 '
206 2673 244 2702 ὦν
268 2677 282 2702 ὁ
294 2675 434 2708 Ἀκύλλιος
452 2675 604 2712 στρατηγὸς
619 2675 690 2702 κατά
703 2674 758 2702 τῶν
776 2675 896 2702 ἀποστα-

948 2267 1053 2293 cessor,
1079 2259 1136 2293 ipso
1160 2263 1269 2292 quoque
1302 2255 1368 2282 nihil
1390 2255 1540 2290 quidquam
1569 2255 1746 2282 memorabile

948 2307 1032 2342 gessit
1051 2315 1058 2332 ι
1076 2311 1160 2338 quare
1184 2302 1280 2330 eodem
1294 2309 1348 2336 quo
1370 2300 1495 2328 Lucullus
1518 2301 1597 2328 modo
1618 2302 1747 2328 multatus

949 2351 1045 2379 exsilio
1059 2350 1119 2387 fuit.
1142 2349 1211 2376 Dum
1232 2348 1289 2375 hzec
1304 2351 1445 2381 geruntur,
1468 2347 1585 2374 moritur
1605 2355 1651 2374 rex
1677 2347 1747 2381 Try-

949 2398 1015 2434 pho.
1031 2397 1125 2431 Regno
1139 2394 1261 2423 succedit
1279 2393 1406 2422 Athenio.
1424 2392 1473 2420 Hic
1486 2393 1567 2421 urbes
1582 2393 1744 2426 obsidendo,

949 2449 1086 2478 totamque
1103 2443 1241 2478 regionem
1265 2440 1471 2468 incursionibus
1495 2447 1545 2474 pro
1568 2440 1681 2468 libidine
1706 2441 1748 2468 in-

948 2490 1083 2522 festando,
1110 2489 1201 2524 prazda
1231 2488 1345 2523 iungenti,
1374 2495 1428 2514 non
1450 2487 1600 2515 obsistente
1633 2487 1749 2515 Servilio

949 2535 1052 2572 potitus
1066 2540 1119 2562 est.

985 2581 1071 2608 Porro
1089 2586 1186 2608 exacto
1209 2587 1299 2607 annuo
1323 2579 1413 2614 spatio
1429 2579 1522 2607 Roma:
1543 2579 1666 2614 quintttm
1680 2586 1748 2609 cott-

952 2627 994 2654 sul
1010 2635 1072 2654 cum
1081 2626 1148 2654 Caio
1165 2626 1253 2654 Acilio
1265 2625 1314 2662 [aL
1332 2625 1456 2661 Aquileo]
1473 2630 1582 2652 creatus
1597 2624 1649 2651 fuit
1664 2624 1746 2652 Caius

951 2674 1062 2701 Marius.
1087 2672 1185 2700 Missus
1208 2678 1299 2700 autem
1319 2672 1422 2700 Acilius
1445 2671 1578 2699 adversus
1593 2671 1746 2699 defectores

774 2741 889 2770 VARl/E
909 2741 1113 2770 LECTIONES.

145 2809 169 2826 ³⁷
185 2810 322 2847 καρνᾷνας
337 2812 373 2847 A.
406 2811 429 2847 ξ’
443 2811 555 2847 ταύτης]
571 2812 657 2847 αὐτῆς
668 2813 700 2840 Λ.

755 2812 778 2828 ⁸⁹
792 2811 940 2846 Σκριθαίας
955 2811 987 2839 Α.

111 2849 141 2874 et
154 2852 228 2873 corr.
245 2845 269 2874 Δ
304 2846 328 2863 ⁹¹
340 2845 416 2882 ῥᾷον]
430 2847 485 2874 imo
502 2845 601 2882 ῥᾴδιον.
636 2845 672 2864 ’⁹³
684 2848 800 2883 ἐνάτην]
816 2845 896 2882 ἕκτην
912 2846 942 2875 Β.

1036 2811 1059 2826 ὀ
1075 2810 1144 2845 ἔχων
1160 2818 1216 2838 out.
1235 2810 1267 2837 Α.
1338 2809 1360 2824 ’ί
1376 2809 1539 2844 ἐπιλέκτων]
1558 2806 1716 2845 ἐπικρατῶν
1730 2806 1741 2833 ε

993 2846 1017 2863 ’⁵
1031 2845 1071 2878 δὲ]
1087 2843 1116 2873 δὲ
1127 2846 1174 2873 καί
1189 2845 1220 2873 Β.
1259 2845 1282 2862 ’⁵
1300 2844 1384 2881 μηδὲν
1399 2845 1421 2871 Λ
1444 2854 1450 2872 :
1471 2845 1499 2872 δὲ
1515 2843 1598 2880 μηδέν
1612 2851 1644 2876 ς.
