1923 3093
203 134 271 166 1427

785 135 914 166 PHOTII
926 134 1179 165 PATRIARCH/E
1194 133 1249 163 CP.

1761 126 1829 160 1428

199 191 357 225 imperator,
377 191 413 218 ita
429 198 459 219 se
474 189 580 221 fortiter
594 190 688 226 gessit,
711 195 740 218 ut
757 190 908 218 defectores
926 189 985 216 illu-

1038 188 1093 216 τῶν
1105 188 1213 220 σταλεὶς
1227 187 1308 224 [1184
1320 185 1368 223 Κ]
1376 185 1420 213 διὰ
1432 186 1481 220 τῆς
1491 185 1559 216 ἰδίας
1568 184 1694 220 ἀνδρείας
1702 184 1830 218 ἐπιφανεῖ

198 236 248 264 stri
258 237 352 271 praelia
362 235 699 270 superaverit.Quinetiam
715 243 775 263 cum
792 236 911 270 ipsorum
923 242 988 270 rege

197 282 351 309 Athenione
376 285 500 309 conserta
523 288 605 308 manu
622 281 760 308 heroicum
772 281 895 315 praelium
912 287 987 307 com-

197 327 286 360 misit;
301 327 462 362 tandemque
470 335 531 354 eum
542 327 686 360 interfecit,
695 332 805 362 accepto
813 326 870 354 solo
876 327 987 353 vulnere

198 373 223 399 in
241 373 339 407 capite,
353 381 385 400 ex
404 381 457 407 quo
471 377 580 400 sanatus
603 373 743 407 aliquanto
758 378 819 408 post
829 373 889 400 fuit.
911 372 987 400 Mox-

197 425 250 452 que
259 418 426 445 defectorum
446 418 573 452 reliquias
582 417 650 445 bello
659 422 816 452 persecutus
830 423 872 445 est
894 417 987 445 decem

197 463 281 490 millia
297 462 447 490 hominum.
466 463 566 490 Verum
584 463 611 490 bi
623 470 685 490 cum
712 463 842 497 impetum
863 462 922 497 ejus
933 469 986 489 non

196 507 400 540 sustinuissent,
416 507 463 534 sed
480 507 514 534 ad
526 507 584 534 loca
598 507 700 534 inunita
714 506 898 542 confugissent
912 515 920 540 ;
933 513 985 533 non

197 555 288 579 tamen
307 550 418 585 Acylius
438 551 529 579 omnia
556 556 662 580 tentare
690 553 765 586 prius
788 543 880 584 desiit,
904 559 985 586 quam

197 604 244 623 eos
258 601 427 631 expugnatos
441 597 467 624 in
490 602 651 632 potestatem
673 598 785 633 redegit.
812 597 878 625 Cum
894 601 985 625 autem

197 645 374 674 superessent
389 641 478 668 adhuc
492 641 573 674 mille,
586 648 702 676 quorum
716 641 771 668 dux
786 644 845 668 erat
860 640 985 675 Satyrus,

196 686 315 720 primum
342 685 450 720 quidem
474 690 587 713 conatus
610 690 652 714 est
676 686 761 713 armis
779 692 825 713 eos
848 685 986 720 subigere,

197 736 291 765 postea
309 737 373 758 vero
387 738 447 757 cum
460 730 555 766 legatis
569 731 659 759 missis
668 739 698 759 se
712 731 861 763 dedissent,
877 731 904 758 in
917 738 986 765 prae-

197 785 261 805 sens
276 778 383 811 quidem
403 784 510 812 pcenam
530 778 644 811 remisit,
661 778 707 805 sed
727 777 841 805 Romam
856 777 987 805 abductos

197 829 260 849 cum
286 822 382 850 bestiis
399 823 547 855 commisit.
570 824 615 850 ubi
636 823 771 858 proditum
783 827 824 851 est
842 831 858 850 a
876 823 985 859 quibus-

1040 234 1115 269 μάχῃ
1134 233 1197 264 τοὺς
1215 232 1372 263 ἀποστάτας
1392 231 1511 265 ἐνίκησε.
1534 231 1589 257 Καὶ
1608 229 1676 265 πρὸς
1698 229 1780 257 αὑτὸν
1800 230 1828 256 δὲ

1037 278 1084 305 τὸν
1110 277 1222 313 βασιλέα
1243 276 1298 304 τῶν
1322 276 1484 304 ἀποστατῶν
1505 275 1659 310 Ἀθηνίωνα
1681 274 1828 309 συμϐαλὼν

1036 323 1157 360 ἡρωϊκὸν
1171 322 1265 357 ἀγῶνα
1278 322 1471 357 συνεστήσατο.
1484 321 1539 348 Καὶ
1546 320 1639 348 τοῦτον
1650 320 1699 355 μὲν
1711 320 1828 353 ἀνεῖλεν,

1037 369 1118 400 αὐτὸς
1132 368 1156 394 δ’
1169 369 1210 400 είς
1232 367 1282 402 τὴν
1300 367 1420 402 κεφαλὴν
1436 366 1551 402 τρωθεὶς
1570 365 1754 401 ἐθεραπεύθη.
1774 365 1828 392 Καὶ

1039 412 1181 448 στρατεύει
1199 412 1246 439 ὲπὶ
1264 413 1327 444 τοὺς
1343 411 1571 446 ὑπολειπομένους
1584 411 1638 438 τῶν
1653 409 1826 442 ἀποστατῶν,

1037 458 1117 490 δντας
1130 458 1252 493 μυρίους.
1262 459 1318 492 Οὐχ
1328 457 1533 492 ὑπομεινάντων
1542 456 1573 483 δὲ
1585 456 1633 491 τὴν
1650 456 1755 490 ἔφοδον,
1771 453 1827 481 ἀλλ’

1037 505 1077 535 εἰς
1098 503 1136 531 τὰ
1158 504 1325 539 ὀχυρώματα
1344 503 1568 537 καταφυγόντων,
1590 502 1666 537 ὅμως
1687 501 1827 532 ’Ᾱκύλλιος

1036 548 1087 576 οὒκ
1100 549 1214 576 ἐνεδίδου
1230 549 1320 576 πάντα
1342 549 1480 584 πράττων,
1498 548 1551 579 ἕως
1569 548 1668 579 αὐτοὺς
1682 547 1825 582 ἐκπολιορ-

1037 595 1125 630 κήσας
1135 595 1159 611 ⁵⁸
1170 595 1349 630 ἐχειρώσατο.
1369 595 1430 621 Ἔτι
1446 594 1468 621 δ’
1488 593 1709 628 ὑπολειπομένων
1721 593 1826 628 χιλίων,

1037 642 1086 668 καὶ
1101 641 1253 676 στρατηγὸν
1265 640 1381 675 ἐχόντων
1399 639 1446 667 τὸν
1457 639 1588 674 Σάτυρον,
1602 639 1633 665 τὺ
1653 639 1703 674 μὲν
1719 638 1827 674 πρῶτον

1036 685 1186 714 ἐπεϐάλετο
1206 686 1229 701 ’⁷
1247 684 1291 712 διὰ
1314 685 1368 712 τῶν
1392 685 1483 711 ὅπλων
1503 684 1604 715 αὐτοὺς
1629 683 1827 719 χειρώσασθαι,

1037 731 1107 766 μετὰ
1134 730 1163 757 δὲ
1187 730 1274 757 ταῦτα
1298 729 1548 765 διαπρεσϐευόντων
1578 730 1626 757 καὶ
1648 728 1827 764 παραδόντων

1037 776 1149 807 ἑαυτοὺς
1175 776 1227 811 τῆς
1255 776 1305 810 μὲν
1334 775 1492 810 παραυτίκα
1517 771 1651 809 τιμωρίας
1678 774 1826 806 ἀπέλυσεν,

1036 821 1189 856 ἀπαγαγὼν
1203 821 1232 848 δὲ
1251 822 1293 853 είς
1306 821 1356 856 τὴν
1380 820 1488 855 Ῥώμην
1503 819 1675 855 θηριομάχας
1689 819 1713 835 ’⁸
1727 819 1827 850 αὐτοὺς

198 866 273 900 dam,
290 876 338 895 eos
355 868 473 896 maxima
489 876 549 895 cum
570 868 649 896 laude
668 869 753 896 vitam
771 869 901 897 finivisse.
917 870 985 896 Nam

1038 867 1159 901 ἐποίησε.
1173 867 1242 899 Τοὺς
1255 866 1283 893 δέ
1299 866 1365 901 φασί
1378 874 1451 896 τινες
1470 865 1688 900 ἐπιφανεστάτην
1708 865 1828 899 ποιήσα-

199 917 336 940 certamen
357 921 418 940 cum
442 913 535 941 bestiis
554 914 730 947 detrectasse,
756 918 784 942 et
805 914 839 942 ad
866 915 987 949 publicas

197 965 260 984 aras
284 958 384 986 mutuis
410 958 568 986 vulneribus
591 959 765 993 occubuisse,
788 967 905 995 eumque
929 959 989 986 ulti-

196 1010 271 1029 mum
286 1010 320 1030 ex
336 1003 369 1030 iis
389 1003 447 1038 ipse
462 1003 576 1039 Satyrus
592 1003 782 1037 interfecisset,
796 1012 856 1032 eum
871 1007 931 1039 post
945 1012 987 1032 re-

195 1047 285 1082 liquos
298 1056 404 1081 omnes,
427 1057 488 1076 cum
507 1056 604 1083 magno
618 1056 650 1076 ac
669 1049 750 1084 plane
773 1050 882 1077 heroico
901 1049 984 1076 animi

196 1094 306 1126 robore,
322 1095 373 1122 sibi
396 1102 492 1123 manus
515 1095 648 1123 intulisse.
673 1094 777 1122 Bellum
795 1096 875 1131 igitur
888 1095 986 1124 servile

196 1140 224 1167 in
241 1139 344 1172 Sicilia,
366 1148 428 1167 cum
450 1147 537 1168 annos
556 1141 682 1168 durasset
703 1142 896 1176 propemodum
919 1149 986 1176 qua-

197 1191 271 1219 tuor,
287 1186 357 1213 hunc
375 1186 433 1214 fere
446 1186 574 1222 tragicum
588 1187 691 1214 exitum
706 1187 810 1215 habuit.

233 1273 324 1306 Venit,
351 1273 459 1307 inquit,
484 1281 500 1301 e
522 1273 682 1302 Pessinunte
710 1275 832 1311 Phrygiae
857 1275 984 1303 sacerdos

195 1319 306 1354 quidam
332 1327 434 1354 magna:
455 1319 567 1347 deorum
599 1320 694 1348 matris
720 1321 828 1348 nomine
844 1321 980 1352 Battaees,

195 1366 241 1400 qui
260 1372 289 1392 se
300 1365 383 1400 jussu}
397 1365 455 1392 deae
472 1371 598 1392 asserens
615 1365 722 1397 adesse,
738 1365 763 1392 in
783 1369 877 1392 senatu
891 1372 982 1392 coram

195 1409 399 1443 magistratibus
418 1407 487 1435 dixit
508 1415 587 1435 sacra
605 1408 662 1436 deae
684 1408 783 1443 polluta
809 1415 880 1440 esse,
902 1413 982 1443 atque

195 1454 256 1482 ideo
277 1453 369 1480 Romae
394 1452 502 1488 publice
524 1452 628 1487 expiari
651 1452 759 1479 debere.
781 1451 943 1479 Ferebatad
957 1451 982 1479 id

195 1503 311 1531 vestem,
324 1497 431 1532 aliaque
447 1497 568 1532 corporis
583 1502 742 1524 ornamenta
758 1497 858 1532 391a
873 1505 941 1524 nova
955 1502 982 1524 et
995 1517 1017 1546 ο

195 1551 334 1578 nunquam
359 1542 489 1570 Romanis
511 1542 580 1575 visa,
602 1549 783 1577 coronamque
801 1550 912 1570 auream
929 1550 982 1570 ma-

196 1588 338 1623 gnitudine
359 1587 501 1620 inusitata,
526 1591 554 1614 et
574 1587 671 1615 stolam
693 1586 804 1614 ﬂoribus
830 1586 942 1614 intextis
958 1593 985 1614 et

194 1635 358 1665 inauratam,
383 1635 458 1669 regio
479 1641 546 1661 sane
568 1633 721 1668 splendore.
750 1633 844 1668 itaque
859 1641 874 1661 e
889 1633 985 1660 rostris

194 1680 228 1706 ad
251 1680 376 1715 populum
392 1680 475 1707 verba
498 1679 610 1712 faciens,
632 1679 665 1706 ad
689 1679 908 1713 superstitiosum
926 1679 984 1706 cul—

194 1730 252 1752 tum
268 1733 314 1753 eos
329 1725 462 1758 incitavit,
473 1729 500 1751 et
516 1723 643 1758 hospitiis
659 1723 775 1758 publicis
785 1728 812 1751 et
827 1724 985 1752 diversoriis

196 1776 327 1806 exceptus
340 1778 355 1798 a
370 1771 479 1798 tribuno
491 1770 577 1804 plebis
588 1769 620 1796 A.
633 1768 763 1804 Pompeio
774 1777 901 1797 coronam
914 1769 986 1798 ferre

198 1816 352 1851 prohibitus
365 1820 416 1842 est.
429 1815 471 1842 Ab
488 1815 573 1842 altero
589 1818 679 1841 autem
694 1815 802 1841 tribuno
814 1815 944 1843 deductus
958 1815 985 1842 in

196 1866 296 1893 rostra,
307 1866 332 1888 et
351 1861 385 1888 de
404 1860 494 1894 templi
515 1859 669 1894 expiatione
682 1860 864 1894 interrogatus
887 1869 984 1896 super-

196 1905 331 1932 stitiosum
364 1912 429 1931 sane
454 1911 614 1938 responsum
628 1904 754 1931 reddidit.
770 1903 862 1939 itaque
877 1913 892 1932 a
909 1905 987 1934 Pom-

196 1951 258 1986 peio
278 1951 405 1977 seditiose
417 1954 558 1981 tractatus,
570 1955 598 1977 et
607 1950 776 1985 cuminjuria
792 1950 824 1977 ad
837 1950 984 1986 hospitium

197 1997 338 2028 deductus,
354 2003 406 2022 non
423 1995 538 2031 amplius
553 1996 662 2030 prodiit,
678 2003 731 2023 non
745 2003 774 2024 se
788 1997 878 2030 modo,
890 2004 985 2024 verum

198 2042 280 2070 etiam
298 2041 376 2068 deam
399 2041 529 2076 iniuriose
553 2041 672 2068 habitam
697 2049 758 2069 esse
779 2042 884 2069 dicens.
907 2042 987 2070 Pom-

197 2087 274 2122 peius
283 2094 346 2114 vero
355 2094 387 2114 ex
403 2091 523 2121 tempore
534 2087 602 2114 febri
618 2087 769 2115 vehementi
779 2088 879 2123 corripi
891 2089 986 2124 coepit,

198 2133 270 2160 unde
284 2132 363 2168 paulo
379 2137 440 2167 post
455 2137 545 2159 mutus
561 2131 649 2160 factus
661 2137 714 2166 est,
736 2133 897 2168 anginaeque
911 2133 987 2161 dolo-

1038 911 1101 938 σθαι
1114 911 1161 938 τοῦ
1178 911 1236 947 βίου
1254 911 1450 946 καταστροφήν
1464 919 1472 927 ·
1484 910 1534 945 τῆς
1553 910 1602 946 μὲν
1612 911 1635 926 ’⁸
1645 910 1700 945 γὰρ
1714 910 1784 945 πρὸς
1793 910 1828 937 τὰ

1037 958 1120 994 θηρία
1141 959 1232 994 μάχης
1247 959 1412 993 ἀποστῆναι,
1425 957 1556 992 ἀλλήλους
1567 957 1595 984 δὲ
1610 957 1656 983 ἐπὶ
1671 957 1726 983 τῶν
1741 957 1828 991 δημο-

1037 1000 1101 1028 σίων
1126 1001 1225 1036 βωμῶν
1247 1000 1432 1035 κατασφάξαι,
1452 1001 1498 1027 καὶ
1516 1000 1561 1027 τὸν
1577 1000 1732 1026 τελευταῖον
1747 1000 1828 1026 αὑτὸν

1036 1046 1155 1082 Σάτυρον
1180 1047 1322 1080 ἀνελόντα,
1344 1047 1438 1074 τοῦτον
1458 1047 1481 1074 δ’
1502 1047 1548 1073 ἐπὶ
1569 1047 1652 1074 πᾶσιν
1667 1046 1829 1081 αὐτοχειρία

1036 1092 1162 1128 ήρωῖκῶς
1186 1092 1384 1128 καταστρέψαι.
1412 1093 1440 1120 '0
1459 1092 1509 1128 μὲν
1533 1091 1580 1118 οὖν
1605 1091 1676 1118 κατὰ
1701 1091 1829 1118 Σικελίαν

1034 1138 1089 1164 τῶν
1101 1138 1216 1165 οἰκετῶν
1231 1138 1358 1173 πόλεμος,
1376 1138 1518 1173 διαμείνας
1533 1138 1581 1172 ἔτη
1596 1138 1690 1173 σχεδὸν
1701 1146 1754 1164 που
1768 1137 1830 1163 τέτ-

1035 1190 1116 1220 ταρα,
1129 1182 1266 1218 τραγικὴν
1281 1182 1344 1217 ἔσχε
1359 1183 1409 1217 τὴν
1427 1183 1630 1217 καταστροφήν.

1070 1268 1131 1295 Ὀτι
1148 1268 1291 1305 Βαττάκης
1302 1278 1343 1301 τις
1357 1270 1443 1306 ὄνομα
1453 1268 1516 1307 ἦκε,
1532 1272 1626 1307 φησὶν,
1641 1273 1673 1298 ὲκ
1686 1271 1830 1299 Πισινοῦν-

1033 1321 1078 1344 eo;
1107 1313 1115 1328 ¹
1141 1314 1191 1349 τῆς
1218 1314 1351 1350 Φρυγίας,
1372 1315 1462 1351 ίερεὺς
1479 1316 1609 1351 ὑπάρχων
1628 1316 1678 1352 τῆς
1704 1317 1829 1351 μεγάλης

1033 1358 1088 1384 τῶν
1108 1358 1178 1385 θεῶν
1194 1358 1310 1395 μητρός.
1331 1358 1416 1392 Οὗτος
1432 1360 1503 1388 κατὰ
1518 1361 1682 1397 πρόσταγμα
1697 1362 1747 1397 τῆς
1765 1362 1829 1390 θεοῦ

1033 1405 1161 1439 παρεῖναι
1177 1406 1277 1440 φήσας,
1300 1407 1357 1438 τοῖς
1371 1407 1502 1442 ἄρχουσιν
1519 1408 1629 1443 ἐνέτυχε
1647 1409 1693 1435 καὶ
1707 1410 1741 1444 τῇ
1767 1417 1830 1443 συγ-

1033 1450 1133 1486 κλήτῳ,
1153 1451 1240 1486 λέγων
1253 1452 1283 1479 τὸ
1299 1452 1369 1487 ἱερὸν
1382 1454 1432 1488 τῆς
1449 1453 1510 1480 θεοῦ
1526 1455 1689 1489 μεμιάνθαι,
1708 1456 1756 1482 καὶ
1771 1455 1830 1482 δεῖν

1033 1495 1131 1527 αὐτοὺς
1145 1496 1155 1511 ³
1174 1496 1293 1532 δημοσίᾳ
1303 1497 1463 1533 καθαρμοὺς
1478 1499 1525 1525 ἐπὶ
1539 1501 1589 1535 τῆς
1610 1499 1719 1536 Ῥώμης
1733 1509 1831 1528 συντε-

1035 1540 1173 1576 λεσθῆναι.
1191 1542 1301 1577 Ἐφόρει
1315 1543 1343 1569 δὲ
1358 1544 1460 1579 ἐσθῆτα
1474 1545 1522 1571 καὶ
1542 1545 1593 1580 τὴν
1612 1547 1678 1580 περὶ
1699 1546 1730 1572 τὸ
1747 1547 1832 1581 σῶμα

1035 1585 1119 1621 ἄλλην
1135 1588 1308 1624 κατασκευὴν
1324 1588 1531 1626 ἐξηλλαγμένην
1551 1591 1598 1618 καὶ
1615 1591 1667 1618 ὑπὸ
1682 1592 1738 1618 τῶν
1760 1593 1832 1619 Ῥω-

1038 1632 1125 1667 μαίων
1146 1633 1216 1660 ἐθῶν
1227 1635 1237 1650 ³
1254 1634 1304 1661 οὐκ
1319 1635 1544 1672 έπιχωρουμὲνην
1555 1637 1581 1653 ⁵·
1598 1637 1716 1672 χρυσοῦν
1730 1647 1761 1664 τε
1774 1639 1832 1674 γὰρ

1037 1678 1169 1712 στέφανον
1186 1677 1259 1715 εἶχεν
1274 1680 1450 1718 ὑπερμεγέθη
1467 1683 1514 1709 καὶ
1527 1683 1622 1718 στολὴν
1644 1684 1757 1719 ἀνθίνην
1772 1685 1832 1712 διά-

1036 1731 1147 1758 χρυσον,
1164 1723 1305 1760 βασιλικὴν
1321 1726 1399 1759 ἀξίαν
1419 1727 1625 1761 ἐπιφαίνουσαν.
1641 1729 1832 1764 Ποιησάμενος

1036 1768 1066 1794 δὲ
1080 1768 1175 1803 λόγους
1189 1770 1235 1796 ἐπὶ
1249 1771 1303 1798 τῶν
1321 1771 1443 1806 ἐμϐόλων
1455 1773 1484 1798 ἐν
1499 1773 1538 1808 τῷ
1554 1774 1642 1810 δήμῳ,
1660 1775 1749 1801 καὶτὸ
1758 1776 1831 1810 πλῆ-

1037 1814 1083 1846 θος
1100 1816 1140 1846 είς
1168 1816 1380 1852 δεισιδαιμονίαν
1401 1819 1538 1854 ἐμϐαλὼν,
1564 1820 1756 1857 καταλύματος
1780 1822 1831 1857 μὲν

1036 1858 1164 1895 δημοσίου
1186 1862 1233 1888 καὶ
1255 1861 1349 1894 ξενίων
1371 1864 1486 1900 ἠξιώθη,
1499 1865 1546 1892 τὸν
1558 1866 1588 1892 δὲ
1608 1867 1738 1901 στέφανον
1761 1868 1832 1895 ἐκω-

1036 1903 1105 1939 λύθη
1115 1906 1208 1940 φορεῖν
1219 1907 1263 1941 ὑφ’
1275 1907 1335 1940 ἐνὸς
1346 1908 1399 1935 τῶν
1409 1909 1558 1945 δημάρχων
1570 1910 1656 1938 Δῦλου
1671 1912 1831 1947 Πομπηΐου.

1037 1951 1087 1977 Διά
1104 1960 1174 1983 τινος
1185 1952 1207 1978 δ’
1222 1953 1315 1988 ἑτέρου
1330 1953 1472 1990 δημάρχου
1485 1956 1632 1991 προαχθεὶς
1643 1958 1689 1984 ἐπὶ
1703 1956 1768 1993 [658
1783 1957 1830 1994 ιι]

1037 1997 1070 2023 τὰ
1085 1996 1198 2032 ἔμϐολα,
1213 1999 1260 2024 καὶ
1277 2000 1341 2034 περὶ
1359 2001 1408 2035 τῆς
1423 2002 1462 2032 είς
1476 2000 1487 2016 ⁵
1502 2001 1532 2028 τὸ
1547 2002 1619 2037 ίερδν
1636 2003 1748 2037 ἁγνείας
1779 2005 1831 2031 ὲπ-

1037 2042 1226 2077 ερωτώμενος,
1241 2044 1401 2079 ἀποκρίσεις
1419 2047 1537 2073 ἐποιεῖτο
1550 2047 1762 2082 δεισιδαιμονίαν
1780 2058 1831 2076 πε-

1039 2088 1193 2123 ριεχούσας.
1209 2090 1462 2123 Καταστασιασθεὶς
1479 2092 1508 2119 δὲ
1524 2093 1576 2120 ὑπὸ
1589 2094 1636 2120 τοῦ
1648 2094 1659 2109 θ
1672 2095 1830 2130 Πομπηΐου,

1039 2136 1086 2162 καὶ
1098 2136 1158 2171 μεθ’
1176 2136 1280 2172 ὕϐρεως
1295 2138 1462 2173 ἀπαλλαγεὶς
1479 2140 1525 2167 ἐπὶ
1543 2140 1592 2176 τὴν
1605 2142 1765 2176 κατάλυσιν,
1783 2143 1831 2170 οὐ·

196 2180 274 2207 ribus
302 2186 386 2213 supra
416 2179 527 2206 modum
556 2183 669 2206 vexatus
691 2183 752 2213 post
774 2179 845 2206 diem
874 2179 983 2207 tertium

1040 2183 1098 2211 κέτι
1112 2185 1322 2220 προεπορεύετο,
1342 2186 1430 2220 λέγων
1449 2187 1487 2223 μὴ
1505 2188 1583 2222 μόνον
1607 2189 1701 2216 ἑαυτὸν
1724 2190 1832 2222 ἀσεϐῶς

198 2225 360 2260 exspiravit,
373 2224 504 2259 multique
514 2231 546 2251 eo
561 2224 632 2260 quod
651 2225 830 2257 sacerdotem,
844 2224 985 2260 ipsamque

1038 2229 1308 2264 προπεπηλακίσθαι,
1320 2231 1388 2258 ἀλλὰ
1396 2232 1442 2258 καὶ
1453 2232 1502 2268 τὴν
1517 2233 1587 2261 θεόν.
1602 2233 1630 2261 '0
1646 2234 1674 2260 δὲ
1686 2235 1830 2271 Πομπήϊος

197 2271 275 2298 deam
302 2270 470 2303 offendisset,
491 2271 583 2297 divina
604 2269 721 2305 quadam
746 2270 915 2304 providentia
939 2278 987 2298 ex-

197 2315 326 2343 stinctum
348 2316 567 2350 suspicabantur.
590 2315 836 2349 Superstitionibus
850 2316 922 2343 enim
937 2317 987 2343 mi-

196 2369 257 2389 rum
271 2361 299 2388 in
319 2361 427 2388 modum
445 2361 527 2388 dediti
547 2361 661 2387 Romani
674 2365 746 2388 sunt.
758 2360 847 2394 Quare
863 2360 986 2389 Battaces

197 2413 282 2434 sacrae
296 2406 374 2433 stolae
402 2406 511 2433 indutus
531 2410 703 2438 ornamento,
719 2405 897 2440 amplioribus
912 2414 927 2433 a
944 2407 984 2433 vi-

198 2452 236 2479 ris
258 2451 351 2478 multis
376 2455 404 2478 et
422 2450 530 2478 feminis
554 2451 681 2484 hospitiis
709 2456 857 2485 exceptus,
884 2451 985 2478 Roma-

198 2503 251 2529 que
279 2495 420 2522 discedeus
445 2501 506 2521 cum
531 2497 639 2529 pompa]
660 2494 787 2522 dimissus
815 2499 869 2522 est.
891 2495 986 2523 Solent

200 2540 317 2567 Romani
342 2539 441 2567 milites
468 2539 585 2571 ducem,
609 2539 716 2574 quando
743 2540 872 2567 adversus
894 2540 986 2568 hostes

198 2593 260 2613 cum
279 2586 331 2614 illis
353 2593 441 2621 pugna
462 2585 650 2619 contendens,
674 2593 754 2621 supra
772 2593 819 2613 sex
840 2585 912 2613 mille
935 2587 985 2614 ho-

1036 2276 1208 2310 παραχρῆμα
1240 2277 1290 2311 μὲν
1315 2276 1408 2313 λάϐρῳ
1423 2279 1434 2294 "
1450 2279 1561 2314 πυρετῷ
1577 2280 1740 2315 συνετχέθη.
1760 2283 1830 2316 μετὰ

1034 2319 1063 2345 δὲ
1092 2320 1178 2347 ταῦτα
1198 2321 1305 2354 ἄφωνος
1329 2322 1474 2358 γενόμενος
1497 2324 1543 2349 καὶ
1563 2324 1749 2358 καταληφθεὶς
1771 2335 1830 2352 κυν-

1037 2365 1144 2400 αγχικῷ
1177 2366 1259 2392 πάθει
1276 2369 1397 2402 τριταῖος
1415 2369 1582 2404 κατέστρεψε
1603 2369 1648 2396 τὸν
1665 2370 1733 2405 βίον,
1755 2372 1831 2406 παρὰ

1036 2412 1092 2441 τοῖς
1107 2410 1212 2442 πολλοῖς
1237 2412 1403 2447 ὑποληφθεὶς
1423 2414 1482 2448 θείᾳ
1496 2415 1551 2441 τινί
1572 2415 1695 2451 προνοίᾳ,
1715 2416 1776 2442 ἀνθ’
1793 2413 1829 2443 ὧν

1039 2455 1079 2486 είς
1094 2455 1139 2481 τὸν
1158 2456 1232 2490 ἱερέα
1246 2457 1294 2482 καὶ
1314 2457 1363 2492 τὴν
1384 2457 1445 2485 θεὸν
1464 2458 1689 2494 ἐπλημμέλησεν.
1713 2460 1761 2487 τοῦ
1781 2462 1828 2497 ζῇν

1040 2500 1204 2535 ἐστερῆσθαι
1220 2509 1226 2516 ·
1254 2503 1357 2538 σφόδρα
1371 2504 1425 2539 γὰρ
1444 2504 1574 2538 Ῥωμαῖοι
1588 2505 1826 2541 δεισιδαιμονοῦσι.

1040 2546 1139 2582 Διόπερ
1153 2547 1166 2572 ό
1179 2547 1322 2583 Βαττάκης
1334 2549 1424 2576 λαϐὼν
1439 2550 1489 2585 τὴν
1503 2551 1676 2587 συγχώρησιν
1689 2553 1742 2587 τῆς
1759 2554 1829 2580 κατὰ

1040 2591 1090 2626 τὴν
1104 2593 1178 2628 ίερὰν
1199 2594 1294 2629 στολὴν
1317 2596 1498 2630 κατασκευῆς,
1513 2597 1561 2623 καὶ
1583 2597 1710 2634 τιμηθεὶς
1726 2599 1825 2631 ἀξιολό-

842 2678 957 2706 VAnlIE
979 2679 1180 2711 LECTIONES.

237 2762 258 2778 "
271 2763 499 2799 ἐκπολιορκήσας]
513 2764 534 2799 Δ
552 2773 559 2790 :
574 2765 763 2799 ὲκπολεμήσας
778 2774 807 2798 ς,

859 2767 879 2806 ³]
894 2767 1058 2806 εἶτε-ϐάλλετο
1074 2778 1104 2800 ς.
1180 2769 1364 2806 θηριομάχους
1379 2771 1409 2800 Β.

1459 2773 1482 2789 ὀ
1497 2772 1547 2806 μὲν
1560 2773 1621 2800 add.
1639 2773 1670 2800 Β.
1710 2774 1717 2789 ²
1733 2773 1827 2800 Πισσις

198 2798 306 2844 molimen;
322 2798 362 2844 ιλ,
411 2798 520 2844 adeo“!
535 2798 840 2844 aﬁiﬁiwosselingius.‘
895 2802 964 2829 ἐθῶν
978 2798 1098 2837 Scaliger
1111 2814 1116 2831 :
1132 2805 1192 2831 libri
1208 2798 1315 2833 EOW'IJ‘I.“
1342 2798 1600 2844 σ’ὲπιχωροιῖμένην]
1612 2798 1672 2836 libri
1688 2798 1828 2844 ἐπιχωρη-

201 2833 296 2868 μένην.
352 2835 362 2849 ⁸
378 2835 417 2866 εἰς
432 2842 488 2862 om.
504 2833 526 2861 Α
579 2834 590 2850 ⁸
604 2835 650 2861 τοῦ
661 2835 723 2863 add.
735 2833 771 2862 Δί
806 2837 814 2851 ⁷
831 2835 923 2872 λαύρῳ
937 2846 966 2869 ς.
