1923 3093
121 82 197 114 1429

643 86 907 118 BIBLIOTHECA.
925 100 956 105 —
966 89 1049 119 COD.
1065 89 1211 120 CCXLIV.

1688 89 1756 123 1430

117 150 183 177 τοις
204 141 312 174 ξενίοις,
338 141 390 169 ὑπὸ
407 142 511 170 πολλῶν
527 143 631 179 ἀνδρῶν
654 153 684 170 τε
706 145 752 171 καὶ
778 145 908 179 γυναικῶι

967 146 1049 173 stium
1080 146 1269 181 proﬂigasset,
1292 147 1493 182 imperatorem,
1514 148 1566 175 hoc
1597 152 1638 176 est
1667 155 1757 184 regem

115 187 307 223 προεπέμφθη
317 188 367 224 τὴν
378 188 410 214 ἐκ
420 189 469 223 τῆς
485 189 595 225 Ῥώμης
603 190 733 217 ἐπάνοδον
744 191 914 225 ποιούμενος.

972 192 1128 219 renuntiare
1141 193 1206 228 (7|).

116 235 186 262 Ὀτι
199 236 261 267 ἔθος
281 233 314 273 ἧν
336 238 394 268 τοῖς
421 237 565 272 Ῥωμαίων
584 239 777 272 στρατιώταις,
803 239 885 273 ἡνίκα
902 239 916 265 ὁ
933 240 1087 274 στρατηγὸς
1108 241 1210 274 αὐτῶν,
1221 242 1270 268 σὺν
1292 242 1384 274 αὐτοῖς
1402 242 1477 278 μάχῃ
1491 242 1560 277 πρός
1590 250 1668 273 τινας
1706 241 1760 268 τῶν

116 282 261 317 πολεμίων
277 284 466 319 συμπλακεὶς,
484 285 553 321 ὑπὲρ
569 287 632 318 τοὺς
648 287 848 323 ἑξαχισκιλίους
864 286 927 323 [156
944 286 990 323 3.]
1009 288 1063 314 τῶν
1081 289 1187 324 ὲχθρῶν
1203 289 1328 324 ἐφαίνετο
1342 289 1455 323 ἀνελὼν,
1470 290 1641 325 ῑμπεράτορα
1655 289 1666 306 ⁸
1677 289 1760 316 αὐτὸν

113 330 299 364 ἀναγορεύειν
317 331 364 357 καὶ
381 331 539 366 ἀποκαλεῖν,
559 333 573 360 ὅ
592 335 651 360 ἐστι
663 334 784 369 βασιλέα.

229 377 280 404 Ἕκ
299 377 352 404 τοῦ
370 376 414 407 λζ’
432 378 482 406 καὶ
501 383 527 413 η’
545 381 594 408 καὶ
615 380 675 408 τῶν
693 383 814 418 ἑφεξῆς.

158 421 221 449 Ὅτι
239 422 285 448 τὸν
299 423 442 459 Μαρσικὸν
456 425 642 461 ὀνομασθέντα
665 429 784 464 πόλεμον
805 432 852 458 ἐπὶ
869 432 919 467 τῆς

114 468 238 494 αὑτοῦίο
255 470 364 504 ἡλικίας
389 472 522 508 Διόδωρος
555 473 666 508 μείζονα
698 475 808 504 πάντων
819 478 839 493 ¹¹
863 479 919 505 τῶν

113 515 327 548 προγεγονότων
353 517 545 552 ἀποφαίνεται.
562 520 724 555 Ὠνομάσθαι
755 523 784 549 δέ
815 533 882 558 φησι
897 526 918 541 ¹¹

113 559 266 595 Μαρσικὸν
288 564 320 589 ἐκ
342 564 396 590 τῶν
419 565 561 600 ἀρξάντων
580 568 630 603 τῆς
653 569 840 604 ἀποστάσεως,
856 573 918 599 ἐπεὶ

115 606 281 641 σύμπαντές
295 617 326 642 γε
340 609 436 637 Ἰταλοὶ
449 612 521 638 κατὰ
537 612 682 648 Ῥωμαίων
694 615 788 642 τοῦτον
803 617 916 652 ἐξήνεγ-

114 661 173 679 καν
185 654 231 680 τὸν
246 655 484 689 πόλεμον.⁹Αίτίαν
499 659 527 685 δὲ
541 658 654 694 πρώτην
669 661 796 694 γενέσθαι
808 663 855 690 τοῦ
870 673 919 690 rso-

113 697 204 733 λέμου
221 700 251 726 τδ
269 705 432 736 μεταπεσεῖν
446 705 509 735 τοὺς
526 705 679 741 Ῥωμαίους
695 708 748 734 ἀπὸ
769 709 819 744 τῆς
843 711 918 736 εὐτά-

113 752 187 771 κτου
204 746 252 771 καὶ
273 746 348 782 λιτῆς
364 749 476 785 ἀγωγῆς
498 751 546 777 καὶ
558 753 720 787 ἐγκρατοῦς,
734 754 769 781 δι’
783 753 817 791 ἦς
837 756 883 782 ἐπὶ
895 757 916 772 ¹³

112 792 248 819 τοσοῦτον
263 793 437 830 ηὐξήθησαν,
452 797 492 828 εἷς
509 797 630 833 ὀλέθριον
650 799 732 835 ζῆλον
746 802 853 837 τρυφῆς
869 802 917 829 καὶ

113 839 279 872 ἀκολασίας.
298 841 345 868 Ἐκ
371 842 426 878 γὰρ
451 843 501 878 τῆς
526 844 677 880 διαφθορᾶς
688 846 710 862 ¹⁵
730 847 832 883 ταύτης
853 857 917 876 στα-

115 885 267 918 σιάσαντος
292 887 338 913 τοῦ
361 888 508 923 δημοτικοῦ
527 891 595 925 πρὸς
609 891 657 927 τὴν
674 892 837 927 σύγκλητον,
856 892 917 922 εἷτα

114 930 230 966 ἐκείνης
248 933 486 970 ἐπικαλεσαμένης
500 936 563 968 τοὺς
576 938 608 963 ὲκ
618 938 668 972 τῆς
681 938 797 971 Ἰταλίας
808 940 916 968 ἐπικου-

115 978 214 1012 ρῆσαι,
225 979 274 1006 καὶ
287 979 477 1017 ὑποσχομένης
492 982 543 1016 τῆς
555 984 742 1020 πολυεράστου
756 987 915 1024 Ῥωμαῖκῆς

112 1024 258 1056 πολιτείας
276 1026 438 1059 μεταδοῦναι
454 1029 500 1054 καὶ
522 1029 595 1065 νόμῳ
609 1031 747 1065 κυρῶσαι,
763 1032 827 1059 ἐπεὶ
839 1034 916 1060 οὐδὲν

111 1068 174 1095 τῶν
189 1069 388 1105 ὑπεσχημένων
405 1073 461 1103 τοῖς
476 1073 641 1107 Ἰταλιώταις
655 1077 773 1111 ἐγένετο,
790 1079 804 1105 ὁ
818 1079 848 1112 ἐξ
864 1080 915 1107 αὑ-

111 1116 173 1142 τῶν
190 1117 308 1151 πόλεμος
321 1119 390 1152 πρδς
403 1119 554 1155 Ῥωμαίους
565 1121 712 1158 ἐξεκαύθη,
722 1124 915 1156 ὑπατευόντων

112 1159 145 1184 ἐν
173 1160 206 1194 τῇ
225 1159 318 1196 Ῥώμῃ
342 1162 458 1189 Λευκίου
474 1164 620 1198 Μάρκουη
637 1167 772 1195 Φιλίππου
788 1170 838 1196 καὶ
851 1170 915 1203 Σέξ-

112 1212 165 1229 του
175 1204 195 1219 ¹⁶
206 1204 315 1232 Ἰουλίου
324 1214 332 1221 ·
350 1206 504 1241 Ὀλυμπιὰς
519 1209 542 1235 δ’
555 1209 650 1244 ῆχθη¹⁷
663 1212 730 1247 πρὸς
745 1214 806 1245 ταῖς
818 1214 914 1241 ἑκατὸν

113 1248 369 1283 ἑϐδομήκοντα.Ἐν
386 1252 474 1288 τούτῳ
495 1253 534 1289 τῷ
550 1254 662 1291 πολέμῳ
675 1258 788 1285 ποικίλα
803 1259 850 1286 καὶ
866 1268 914 1286 πο-

113 1291 240 1339 λιὶτροπα
260 1294 334 1330 πάθη
359 1297 406 1322 καὶ
428 1297 532 1324 πόλεων
559 1299 674 1332 ἁλώσεις
689 1302 812 1338 ἐκατέρῳ
835 1304 913 1339 μέρει

113 1336 173 1384 τῶν
181 1338 440 1384 διαπολεμησάντων
450 1343 563 1378 συνέϐη,
576 1336 811 1383 ταλαντευομένγης
818 1336 893 1375 {bene
898 1358 913 1384 ρ

113 1381 243 1416 ἐπίτηδες
268 1384 343 1418 παρὰ
367 1385 449 1421 μέρος
473 1387 523 1422 τῆς
544 1389 623 1423 νίκης
645 1391 692 1416 κα¹ί¹
710 1381 867 1427 μηδετέροις
883 1381 913 1421 ἐν

114 1427 221 1479 ﬂed-atq)
243 1429 438 1479 δια-μενούσης·
455 1433 531 1467 ὅμως
552 1434 667 1470 ἀπείρου
683 1436 802 1472 πλήθους
818 1439 912 1465 ἐκατέ-
926 1451 948 1479 c

114 1473 208 1518 ρωθεν
224 1475 363 1508 πεσόντος,
379 1477 428 1512 ὀψὲ
452 1478 500 1505 καὶ
518 1479 595 1514 μόλις
611 1479 759 1516 Ῥωμαίοις
771 1483 911 1518 ἐξενίκησε

116 1517 304 1554 βεὸαιωοῆναι
329 1521 359 1547 τὸ
386 1523 496 1557 κράτος.
519 1525 685 1561 Ἐπολέμουν
712 1527 741 1554 δὲ
765 1517 912 1563 Ῥωμαίοις

114 1562 256 1598 Σαυνῖται,
266 1566 462 1601 Ἀσκολανοὶ¹⁸,
477 1569 621 1604 Λευκανοὶ,
638 1572 798 1607 Πικεντηνοὶ
808 1562 839 1605 η,
851 1573 912 1600 Νω-

114 1610 194 1637 λανοὶ
209 1613 256 1638 καὶ
271 1612 363 1648 ἕτεραι
375 1614 467 1646 πόλεις
478 1615 525 1642 καὶ
536 1615 599 1652 ἔθνη
609 1625 615 1632 ·
630 1618 659 1643 ἐν
670 1614 708 1649 οἷς
720 1619 909 1655 ἐπισημοτάτη

114 1658 163 1683 καὶ
183 1659 301 1693 μεγίστη
326 1660 373 1686 καὶ
397 1661 472 1696 κοινὴ
495 1661 572 1693 πόλις
593 1663 655 1698 ἄρτι
679 1665 910 1701 συντετελεσμένη

114 1705 173 1736 τοῖς
190 1705 358 1737 Ἰταλιώταις
373 1706 401 1732 τὸ
418 1707 565 1743 Κορφίνιον
587 1706 620 1744 ἦν
633 1729 639 1740 ,
658 1711 686 1736 ὲν
704 1707 721 1746 ᾗ
736 1711 769 1738 τά
785 1719 815 1737 τε
832 1711 909 1745 ἄλλα,

114 1750 166 1776 ὅσα
188 1750 311 1786 μεγάλην
326 1751 403 1779 πόλιν
420 1753 467 1779 καὶ
483 1753 569 1790 ἀρχὴν
588 1754 763 1789 κρατύνουσι,
779 1757 909 1791 συνεστή-

116 1805 200 1823 σαντο
214 1798 260 1823 καὶ
276 1798 380 1833 ἀγορὰν
394 1799 531 1835 εὐμεγέθη
546 1801 593 1827 καὶ
615 1800 679 1837 [659
694 1801 741 1837 ιι]
765 1802 910 1839 βουλευτή-

115 1851 185 1878 ριον,
202 1844 250 1869 καὶ
263 1843 296 1870 τὰ
311 1844 378 1871 ἄλλα
388 1845 422 1871 τὰ
440 1845 507 1880 πρὸς
520 1846 638 1881 πόλεμον
649 1847 773 1881 ἀφθόνως
789 1848 907 1882 ἅπαντα,

114 1890 163 1916 καὶ
192 1890 342 1925 χρημάτων
369 1891 488 1926 πλῆθος,
508 1893 555 1918 καὶ
574 1893 677 1929 τροφῆς
705 1893 803 1929 δαψιλῆ
824 1903 908 1930 χορη-

114 1937 189 1969 γίαν.

152 1983 358 2018 Συνεστὴσαντο
371 1985 398 2011 δὲ
413 1985 459 2011 καὶ¹
477 1984 628 2021 σύγκλητον
640 1986 731 2022 κοινὴν
740 1988 762 2003 ’³
776 1996 908 2015 πεντακο-

116 2029 184 2056 σίων
200 2030 314 2066 ἀνδρῶν,
327 2030 357 2064 ἐξ
371 2028 408 2058 ὧν
421 2031 447 2057 οῖ
466 2040 494 2057 τε
508 2032 556 2067 τῆς
578 2033 709 2068 πατρίδος
727 2034 820 2069 ἄρχειν
838 2034 908 2067 ἄξιοι

114 2076 340 2111 προαχθήσεσθαι
356 2077 468 2111 ἔμελλον
481 2078 527 2104 καὶ
543 2078 568 2104 ol
583 2079 843 2114 προϐουλεύεσθαι¹¹
866 2081 907 2106 δυ-

1034 380 1077 407 Ea:
1093 380 1160 407 libro
1176 389 1269 408 xxxv"
1285 386 1309 408 et
1328 388 1376 409 vul
1394 385 1419 408 et
1435 380 1495 407 aliis
1513 380 1689 415 sequentibus.

1003 426 1049 453 Ait
1064 427 1197 454 Diodorus
1212 426 1311 454 bellum
1329 426 1401 461 quod
1417 426 1517 454 dicitur
1537 426 1692 460 Marsicum,
1709 433 1758 454 sua

966 477 1048 501 aetate
1068 474 1175 501 caeteris
1197 473 1419 500 antecedentibus
1434 472 1522 507 majus
1543 479 1603 500 esse
1622 482 1629 500 :
1654 477 1681 500 et
1697 472 1758 500 ideo

967 519 1001 546 ab
1026 518 1183 546 auctoribus
1201 517 1358 545 rebellionis
1382 517 1529 546 Marsicum
1546 518 1757 552 Idenominatum

967 571 1037 591 esse.
1067 563 1205 598 Siquidem
1229 562 1289 590 Itali
1315 570 1409 590 omnes
1433 562 1565 591 Romanis
1586 563 1684 591 bellum
1707 563 1758 590 hoc

967 609 1126 637 intulerunt.
1156 608 1221 637 Belli
1247 616 1328 636 causa
1349 609 1436 643 prima
1462 608 1522 641 fuit,
1551 609 1614 643 quia
1643 608 1758 636 Romani

966 654 1124 689 compositis
1154 655 1308 690 sobriisque
1333 659 1361 682 et
1390 653 1594 682 continentibus
1624 654 1757 687 moribus,

965 708 1014 735 per
1030 708 1098 735 quos
1114 703 1256 736 tantopere
1272 705 1426 734 creverant,
1442 700 1475 727 ad
1492 699 1676 735 perniciosum
1692 700 1758 728 deli-

966 747 1068 774 ciarum
1084 751 1112 774 et
1127 747 1343 782 intemperantia;
1356 747 1473 774 studium
1489 747 1671 775 desciverunt.
1689 746 1757 774 Nam

968 793 1002 820 ob
1013 792 1083 820 hanc
1097 793 1277 828 corruptelarum
1292 797 1351 820 orta
1373 793 1460 826 plebis
1483 793 1612 820 adversus
1632 798 1756 820 senatum

967 839 1112 872 seditione,
1134 847 1195 867 cum
1218 839 1315 867 deinde
1332 844 1442 867 senatus
1465 839 1594 867 Italorum
1612 847 1690 873 opem
1704 839 1757 866 im-

966 884 1109 920 plorasset,
1127 889 1154 912 et
1170 886 1210 912 eis
1233 890 1355 917 optatam
1371 885 1435 912 illud
1450 885 1580 912 Romanae
1606 885 1704 921 3910
1718 886 1758 913 ci-

967 930 1059 958 Vilatis
1076 930 1120 965 jus
1136 931 1274 965 pollicitus
1290 930 1396 962 fuisset.
1410 931 1492 966 idque
1510 938 1540 958 se
1556 931 1615 966 lege
1634 931 1756 959 sancitu-

966 983 1026 1002 rum
1054 977 1247 1011 promississet,
1274 984 1336 1003 cum
1364 977 1560 1012 promissorum
1588 977 1655 1005 niltil
1682 977 1756 1006 Italis

966 1025 1150 1055 prastarelur,
1169 1022 1270 1049 exarsit
1282 1030 1315 1049 ex
1333 1022 1386 1049 illis
1404 1021 1502 1049 bellant
1514 1022 1642 1050 adversus
1654 1022 1756 1050 Roma-

966 1074 1025 1099 nos,
1051 1066 1145 1095 Romae
1174 1068 1344 1095 consulatum
1368 1068 1524 1101 gerentibus
1545 1067 1630 1096 Lucio
1653 1067 1756 1096 Marcio

965 1112 1101 1147 Philippo,
1116 1117 1143 1140 et
1159 1112 1241 1141 Sexto
1260 1113 1341 1146 Julia,
1361 1113 1521 1149 Olympiade
1540 1121 1621 1148 supra
1639 1114 1754 1141 centesi-

965 1165 1035 1189 mam
1063 1160 1261 1194 septuagesima
1285 1160 1415 1188 secunda.
1436 1159 1464 1187 In
1488 1160 1539 1187 hoc
1561 1159 1633 1187 bello
1654 1160 1756 1188 diversi

966 1205 1088 1239 variique
1107 1213 1187 1233 casus
1217 1210 1245 1233 et
1273 1206 1379 1234 urbium
1407 1205 1620 1241 expugnationes
1648 1206 1756 1241 utrique

966 1250 1123 1277 bellantium
1149 1251 1220 1285 parti
1250 1251 1434 1286 contigerunt,
1459 1255 1572 1279 nutante
1595 1251 1674 1286 quasi
1691 1252 1754 1278 data

964 1304 1046 1331 opera
1065 1297 1091 1323 in
1109 1300 1253 1332 utramque
1271 1301 1373 1331 partem
1398 1297 1524 1329 victoria,
1538 1302 1566 1325 et
1581 1297 1684 1325 neutris
1700 1301 1757 1325 sta-

965 1342 1011 1369 bili
1029 1347 1216 1377 permanente.
1238 1342 1338 1371 Tamen
1355 1348 1499 1378 postquam
1516 1344 1643 1378 utrinque
1658 1344 1757 1372 cecidit

966 1389 1098 1416 immensa
1122 1389 1260 1416 hominum
1291 1389 1446 1423 multitudo,
1472 1397 1534 1418 sero
1557 1395 1585 1418 et
1609 1397 1681 1425 agre
1701 1389 1756 1418 Ro-

966 1434 1037 1460 mani
1057 1434 1198 1461 victoriam
1219 1435 1320 1469 adepti,
1344 1435 1437 1463 firmas
1458 1437 1530 1464 vires
1565 1436 1752 1464 obtinuerunt.

965 1479 1162 1514 Oppugnabant
1178 1484 1269 1508 autem
1289 1480 1426 1509 Romanos
1448 1481 1597 1516 Samnites,
1613 1482 1754 1516 Asculani,

962 1523 1075 1556 Lucani.
1091 1524 1235 1559 Picentini,
1251 1525 1360 1559 Nolani,
1373 1531 1400 1554 et
1418 1527 1477 1555 alia:
1491 1528 1571 1555 urbes
1586 1531 1667 1562 atque
1681 1536 1754 1563 gen—

965 1574 1015 1602 tes,
1037 1571 1063 1597 in
1078 1571 1176 1605 quibus
1190 1575 1250 1598 erat
1267 1572 1449 1599 illustrissima
1463 1577 1490 1600 et
1508 1573 1623 1600 maxima
1639 1578 1668 1601 et
1679 1581 1755 1601 com-

963 1616 1052 1642 munis
1075 1616 1139 1642 urbs
1159 1623 1246 1650 nuper
1268 1615 1302 1642 ab
1323 1615 1397 1644 Italis
1413 1616 1530 1650 perfecta
1546 1617 1707 1650 Corﬁnium,
1727 1617 1752 1645 in

962 1668 1014 1694 qua
1033 1667 1094 1687 cum
1113 1665 1211 1687 caetera
1228 1667 1288 1694 quae
1311 1668 1436 1696 magnam
1452 1661 1594 1689 urbem—et
1609 1661 1752 1696 imperium

962 1705 1133 1736 confirmant,
1157 1705 1369 1738 constituerunt,
1388 1710 1442 1732 tum
1458 1706 1546 1733 forum
1564 1714 1751 1742 permagnum,

961 1755 988 1778 et
1006 1751 1122 1783 curiam.
1144 1755 1173 1778 et
1195 1755 1293 1778 czetera
1316 1751 1407 1778 omnia
1424 1751 1457 1778 ad
1484 1751 1582 1779 bellum
1598 1753 1750 1781 necessaria

961 1795 1080 1830 copiose,
1096 1799 1122 1822 et
1144 1795 1264 1830 pecuniae
1291 1795 1504 1829 multitudinem,
1529 1800 1557 1823 et
1583 1796 1751 1824 cibariorum

961 1841 1066 1876 largum
1078 1845 1270 1868 commeatum.

994 1990 1202 2018 Constituerunt
1220 1995 1247 2018 et
1271 1995 1395 2018 senatum
1423 1998 1522 2018 novum
1540 1989 1754 2026 quingentorum

960 2036 1090 2068 virorum,
1100 2044 1133 2064 ex
1153 2036 1252 2072 quibus
1263 2037 1308 2071 qui
1322 2036 1416 2071 patria:
1428 2037 1541 2072 imperio
1550 2037 1622 2072 digni
1645 2043 1748 2072 essent,

960 2081 1185 2117 producerentur,
1209 2087 1235 2109 et
1251 2082 1295 2117 qui
1318 2082 1352 2109 de
1377 2083 1514 2110 communi
1536 2083 1622 2110 salute
1641 2084 1750 2111 consul-

114 2122 228 2156 νὰμενοι
245 2122 310 2158 περὶ
324 2123 372 2158 τῆς
387 2123 480 2158 κοινῆς
496 2124 643 2159 σωτηρίας.
659 2125 713 2152 Καὶ
734 2125 840 2157 τούτοις
857 2126 906 2152 ὲπ-

965 2131 1018 2153 lare
1031 2131 1153 2161 possent,
1164 2127 1251 2161 iisque
1266 2127 1326 2154 belli
1344 2134 1439 2154 curam
1455 2128 1629 2161 mandarunt,
1644 2137 1752 2157 summa

112 2167 234 2204 ἔτρεψαν
244 2168 266 2183 ¹²
281 2167 315 2194 τὰ
327 2168 396 2195 κατὰ
408 2168 452 2195 τὸν
470 2169 588 2204 πόλεμον
599 2171 720 2203 διοικεῖν,
739 2171 905 2206 αὐτοκράτο-

113 2223 165 2250 ρας
181 2214 344 2249 ποιήσαντες
359 2216 421 2246 τοὺς
436 2215 590 2250 συνέδρους.
606 2213 685 2242 Οὗτοι
702 2217 724 2242 δ’
743 2217 906 2252 ἐνομοθέτη-

113 2269 165 2288 σαν
177 2261 225 2287 δὺο
239 2261 287 2295 μὲν
305 2261 423 2292 ὑπάτους
434 2262 493 2287 κατ’
510 2261 632 2288 ἐνιαυτὸν
647 2262 907 2297 αἱρεῖσθαι,δώδεκα

111 2310 141 2337 δὲ
159 2309 341 2345 στρατηγούς.
357 2310 411 2337 Καὶ
425 2309 633 2346 κατεστάθησαν
650 2309 746 2337 ὕπατοι
763 2311 813 2345 μὲν
827 2311 907 2337 Κόϊν-

110 2363 158 2387 τος
181 2355 349 2390 Πομπαίδιος
367 2355 464 2388 Σίλων,
481 2355 593 2391 Μάρσος
610 2355 659 2390 μὲν
677 2356 706 2382 τὸ
721 2357 798 2391 γένος
809 2379 816 2391 ,
831 2367 907 2394 πρω-

111 2401 201 2428 τεύων
214 2401 241 2428 δὲ
249 2402 304 2428 τῶν
314 2401 462 2436 ὁμοεθνῶν,
473 2402 518 2428 καὶ
529 2401 653 2436 δεύτερος
665 2403 696 2428 ἐκ
708 2402 754 2428 τοῦ
770 2403 907 2430 Σαυνιτῶν

112 2447 209 2481 γένους
224 2447 303 2478 Γάϊος
315 2447 447 2479 Ἀπώνιος
463 2447 586 2478 nmmo;
596 2467 602 2478 ,
620 2447 667 2473 καὶ
682 2447 763 2479 αὐτὸς
782 2449 845 2485 δόξῃ
861 2450 908 2476 xal.

113 2491 232 2527 πράξεσι
246 2491 294 2518 τοῦ
308 2492 401 2524 ἔθνους
417 2492 615 2528 προέχων.Τὴν
630 2492 725 2528 δ’ὁλην
737 2493 853 2520 Ἰταλίαν
866 2495 906 2526 εἰς

959 2176 1091 2207 potestate
1110 2172 1315 2199 consessoribus
1334 2172 1477 2206 permissa.
1496 2172 1528 2199 Hi
1546 2173 1618 2208 leges
1632 2173 1752 2201 tulerunt

959 2219 989 2241 ut
1003 2215 1055 2242 duo
1071 2213 1198 2242 consules
1215 2214 1360 2249 quotannis
1377 2220 1547 2247 crearentur,
1564 2220 1592 2242 et
1608 2216 1750 2243 duodecim

959 2260 1050 2288 duces.
1062 2259 1193 2287 Consules
1207 2260 1290 2287 creati
1303 2259 1487 2294 suntQuintus
1499 2261 1669 2295 Pompaadius
1680 2261 1749 2295 Silo,

960 2307 1068 2333 natione
1082 2305 1199 2339 Marsus,
1216 2310 1244 2333 et
1258 2312 1313 2332 sua:
1336 2307 1425 2339 gentis
1442 2307 1602 2340 primarius.
1627 2308 1703 2335 Alter
1715 2315 1750 2335 ex

960 2352 1112 2380 Samnitum
1140 2358 1240 2386 genere
1270 2350 1352 2379 Caius
1377 2351 1503 2386 Aponius
1529 2351 1658 2385 Motulus,
1691 2353 1750 2388 ipse

958 2406 1068 2434 quoque
1084 2398 1168 2433 gloria
1179 2398 1324 2432 frebusque
1355 2399 1438 2432 gestis
1453 2406 1508 2426 suae
1524 2399 1612 2435 gentis
1629 2399 1751 2427 clarissi-

961 2453 1031 2472 mus.
1049 2445 1080 2472 Et
1101 2448 1156 2471 tota
1172 2443 1246 2470 italia
1269 2443 1295 2470 in
1319 2449 1410 2478 partes
1425 2444 1491 2473 duas
1506 2445 1603 2478 divisa,
1621 2453 1668 2473 eas
1683 2453 1751 2473 cono

960 2491 1065 2518 sulares
1088 2489 1265 2525 praefecturas
1279 2494 1361 2524 atque
1383 2495 1474 2524 partes
1491 2491 1701 2519 constituerunt.
1717 2491 1752 2518 Et

765 2559 883 2587 VARle
905 2558 1107 2588 LECTIUNES.

149 2603 161 2619 ⁸
187 2603 351 2639 ίνπεροὶτορα
366 2613 396 2636 ς.

113 2639 133 2654 ¹¹
148 2640 258 2675 πάντων
280 2639 328 2675 ili:
344 2640 470 2666 ἁπάντων
483 2649 513 2671 ς.
552 2640 572 2656 ²¹
589 2649 654 2675 φασι
686 2649 715 2672 ς.

770 2641 791 2677 ’ἶ
805 2638 839 2677 ἦέ

445 2605 455 2620 ⁸
470 2604 582 2641 βασιλέα
596 2613 651 2632 om.
664 2613 706 2639 pr.
725 2605 763 2632 A:
781 2606 874 2641 in_quo
891 2614 951 2641 p051
962 2614 1022 2633 eam
1034 2613 1127 2641 vorem
1140 2604 1218 2632 vacui
1235 2608 1299 2632 sunt
1313 2612 1408 2641 versus
1421 2604 1438 2630 5
1455 2603 1515 2641 1/12.

867 2640 916 2677 μὲν
937 2642 982 2668 ὲπὶ
1009 2649 1039 2672 ς.
1079 2640 1249 2677 Ι[Ἑδιςμίὶορςῖς
1264 2649 1293 2671 ς.

1567 2604 1588 2619 ¹⁰
1603 2603 1687 2636 αὐτῆς
1703 2604 1748 2631 At.

1335 2640 1355 2655 "
1371 2638 1498 2674 Μάρκου]
1513 2639 1636 2674 Μαρτίου
1660 2638 1749 2666 Scali-

112 2681 170 2711 ger.
210 2674 231 2690 “
241 2674 356 2707 Σέξστου
373 2684 403 2707 ς.
437 2676 462 2711 7”
478 2674 559 2711 ᾕχοη]
572 2676 669 2711 ἡχθηή
686 2676 707 2710 β’
723 2674 853 2709 Scaliger.
867 2674 873 2677 ⁷
894 2678 915 2694 ’⁸
934 2675 1131 2704 ἈσκαλανοίΑ.
1172 2675 1192 2694 ἐ’
1206 2674 1365 2709 [Ιικεντηνοί
1382 2675 1419 2701 B:
1435 2674 1585 2701 Πικεντινοί
1603 2682 1633 2706 ς.
1671 2675 1695 2690 ¹⁶
1714 2675 1748 2701 li-

113 2710 153 2737 bri
169 2711 275 2746 καινήν.
314 2712 334 2726 "
351 2710 603 2745 παραϐουλεύεσθαι
620 2711 650 2738 Β.

701 2712 723 2727 ²²
737 2712 902 2746 ἐπέτρεψαν]
919 2711 1113 2746 ἐπιτρέψαντες
1126 2710 1158 2739 Λ,

888 2758 1004 2786 ΝΟΤΑΕ.

888 2760 910 2786 Ν
936 2759 1004 2785 ΤΑΕ.

148 2803 206 2835 (Ἡ)
227 2802 293 2831 Vide
308 2802 338 2830 Ρ.
354 2802 516 2836 Valtrinum,
533 2803 610 2831 initio
623 2803 670 2831 Ιώ.
687 2804 735 2831 ull.
754 2804 789 2831 De
807 2759 1112 2831 milmnORumanoi-nm.
