1923 3093
80 127 150 160 M33

605 133 866 166 BBiLIOTHECA.
878 146 914 152 —
928 134 1012 165 BOD.
1028 134 1162 164 θεων

1646 133 1716 167 1434

77 187 163 222 λέμου
177 187 272 222 σχεδὸν
292 188 343 225 ἤδη
368 187 544 225 διαλυομένου
561 178 642 219 πάλιν
654 193 682 219 αἱ
699 192 867 228 προγεγενη-

921 197 960 220 ter
986 200 1015 220 se
1041 191 1241 220 contendebant
1264 195 1292 221 et
1320 192 1409 227 plebis
1427 199 1490 228 pars
1519 191 1605 221 altera
1635 193 1714 222 alteri

78 232 160 267 plut
186 233 296 265 στάσεις
320 233 449 269 ἐμφύλιοι
470 236 541 262 κατὰ
553 237 604 272 τὴν
622 237 733 272 Ῥώμην
747 238 872 273 κινήσεις

76 277 242 312 ἐλάμϐανον,
254 279 488 316 ἀντιποιουμένων
498 282 604 309 πολλῶν
616 283 728 315 ἐνδόξων
738 283 769 310 τὸ
779 284 872 319 τυχεῖν

74 322 127 356 τῆς
142 323 213 350 κατὰ
226 323 393 358 Μιθριδάτου
411 327 577 361 στρατηγίας
587 327 631 354 διὰ
644 328 674 354 τὸ
690 328 805 363 μέγεθος
815 328 872 356 τῶν

75 369 204 397 ἐπάθλων
213 379 221 387 ·
237 371 317 404 Γάϊός
327 381 357 399 τε
371 373 426 408 γὰρ
438 373 548 405 Ἰούλιος
570 375 617 401 καὶ
637 375 718 406 Γάϊος
730 375 845 410 ΙΜάριος
857 375 873 402 ό

75 415 172 448 ἑξάκις
188 417 343 450 ὑπατεύσας
359 419 603 453 ἁντεφιλοκείνουν,
619 421 667 447 καὶ
681 420 712 447 τὸ
724 421 825 455 πλῆθος
836 419 872 456 ἦν

73 461 221 496 ἑκατέροις
237 463 476 499 συμμεριζὸμενον
490 466 550 496 ταῖς
564 464 698 500 γνώμαις.
713 465 872 501 Συνέὸησαν

73 506 103 532 δὲ
120 507 169 533 καὶ
187 506 279 542 ἐτεραι
295 508 463 544 ταραχαί.”0
479 509 571 544 μέντοι
587 510 690 543 Σύλλας
707 510 810 542 ὕπατος
822 510 871 544 ὢν,

72 554 222 588 χωρισθεὶς
236 554 287 589 τῆς
301 554 424 589 Ῥώμης,
439 555 508 590 πρὸς
522 556 572 587 τὰς
585 556 650 592 περὶ
666 556 764 584 Νῶλαν
776 557 872 592 hepat—

72 600 180 634 σμένας
194 601 361 636 παρεγένετο
377 601 510 637 δυνάμεις
519 621 529 636 ,
543 603 591 630 καὶ
605 602 721 634 πολλοὺς
734 603 789 630 τῶν
801 603 872 638 πλη-

72 646 246 681 σιοχώρων³’
271 647 518 684 καταπληξάμενος
541 648 683 683 ἠνάγκασε
702 649 872 684 παραδοῦναι

71 693 146 726 σφᾶς
159 692 259 725 αὐτοὺς
273 694 321 721 καὶ
336 694 387 727 τὰς
407 695 510 727 πόλεις.
528 695 583 722 Τοῦ
594 695 623 722 δέ
636 694 725 722 Σύλλα
737 695 872 729 στρατεύ-

72 745 174 769 σαντος
197 737 247 773 μὲν
263 738 309 765 ἐπὶ
325 739 375 775 τὴν
386 740 480 767 Ἀσίαν
495 741 566 768 κατὰ
580 739 762 776 Μιθριδάτου,
776 741 826 775 τῆς
843 740 872 767 δέ

77 782 192 819 Ῥώμης
206 785 339 819 μεγάλαις
353 787 488 821 ταραχαῖς
503 786 551 813 καὶ
562 786 654 821 φόνοις
668 785 810 822 ἐμφυλίοις
823 795 873 813 πι-

72 830 254 865 ρισπωμένης
265 851 273 863 .
288 831 403 866 Μάρκος
413 832 546 864 Ἀπώνιος
561 833 608 859 καὶ
622 831 748 867 Τιϐέριος
766 831 871 858 Κλεπί-

922 238 1131 273 suilragabatur.
1151 237 1320 266 Exstiterunt
1335 243 1363 265 et
1381 239 1441 266 alia:
1458 240 1554 267 turbae.
1566 238 1626 266 Jam
1642 239 1715 276 Sylla

922 283 1016 310 consul
1036 284 1120 310 lloma
1137 283 1284 317 profectus,
1298 283 1330 310 ad
1343 288 1524 320 congregatas
1535 284 1607 319 apud
1621 284 1714 312 Nolam

923 329 1014 363 copias
1040 330 1133 360 venit.
1167 333 1196 356 et
1220 328 1320 356 mullos
1347 330 1524 357 finitimorum
1553 332 1715 364 perterritos

922 375 1173 410 coegit,etseipsos
1188 380 1216 402 et
1227 376 1310 402 urbes
1324 376 1433 403 dedere.
1450 375 1518 403 Cum
1534 381 1624 404 autem
1640 376 1714 412 Sylla

923 420 950 447 in
964 420 1055 447 Asiam
1070 420 1199 448 adversus
1220 420 1426 448 Mithriditatem
1451 420 1590 455 profectus
1606 421 1715 454 fuisset,

923 469 950 492 et
975 465 1058 492 Roma
1085 466 1189 500 magnis
1215 466 1375 493 tumultibus
1404 471 1432 493 et
1455 467 1581 494 civilibus
1598 467 1715 494 caedibus

923 510 1118 543 destinaretur,
1134 510 1242 538 Marcus
1260 511 1383 545 Aponius
1397 515 1424 538 et
1440 511 1566 539 Tiberius
1581 511 1715 547 Cleptius,

923 559 1051 588 praeterea
1067 554 1222 589 Pompeius,
1239 555 1404 590 reliquorum
1420 555 1547 584 Italorum
1574 556 1657 584 duces
1687 558 1715 584 in

922 599 1012 628 Bretia
1031 599 1149 635 [Brutia]
1167 599 1310 636 degentes,
1325 600 1396 627 Asiae
1410 601 1503 628 urbem
1522 601 1640 629 validam
1651 609 1715 629 cum

923 645 969 673 diu
986 644 1170 678 obsedissent,
1192 653 1246 672 non
1265 650 1411 681 potuerunt
1426 653 1536 681 capere,
1554 647 1602 674 sed
1619 646 1714 674 relicta

923 691 950 718 in
966 691 1107 719 obsidione
1119 695 1196 726 parte
1209 692 1357 724 exercitus,
1368 691 1472 726 reliqua
1491 697 1567 726 parte
1582 691 1714 727 Rhegium

922 737 1023 765 acriter
1041 737 1207 771 obsidentes,
1224 742 1379 772 sperantes.
1395 737 1419 764 si
1438 737 1489 766 hac
1503 738 1581 772 putiti
1603 737 1715 771 fuerint,

923 782 1003 811 facile
1017 783 1045 810 in
1071 782 1194 810 Siciliam
1211 788 1446 818 transportaturos
1460 784 1563 819 copias,
1581 789 1609 811 et
1627 783 1715 811 insula

924 829 1057 862 potituros
1073 829 1194 857 omnium
1214 836 1275 864 quae
1289 830 1339 856 sub
1362 829 1420 857 sole
1433 835 1524 857 essent
1545 830 1714 858 beatissima.

68 882 129 906 τιος
138 875 175 908 ⁸⁸,
184 875 225 902 ἐτι
238 875 268 902 δὲ
279 876 421 911 Πομπήϊος
429 876 465 908 δ¹,
480 877 505 904 οι
517 877 573 904 τῶν
587 876 743 903 ὑπολοίπων
753 876 867 904 Ἰταλιω-

924 875 1024 903 Verum
1044 875 1102 910 eius
1116 876 1170 904 dux
1187 875 1270 904 Caius
1292 876 1420 905 Orbanus
1437 885 1536 913 magno
1551 877 1674 905 exercitu
1689 882 1717 905 et

68 921 126 947 τῶν
143 922 309 957 στρατηγοὶ,
325 921 511 958 διατρίϐοντες
525 923 555 949 ἐν
570 923 604 958 τῇ
620 922 747 958 Βρεττίᾳ,
756 922 837 954 Ἰσίας
848 922 870 938 δ’

70 965 123 1001 μὲν
147 966 224 993 πόλιν
243 967 346 1003 ὀχυρὰν
362 968 410 995 ἐπὶ
421 968 504 995 πολὺν
519 968 614 1003 χρόνον
627 967 869 1003 πολιορκήσαντες,

69 1012 121 1038 οὐκ
129 1012 155 1028 ⁸³
172 1013 285 1047 ἰσχυσαν
301 1014 382 1045 ἐλετν,
396 1014 481 1049 μέρος
493 1013 516 1041 δ’
527 1014 574 1040 ἐπὶ
585 1014 636 1049 τῆς
652 1013 813 1049 πολιορκίας
823 1012 870 1040 τοῦ

70 1058 280 1094 στρατεύματος
304 1059 500 1092 καταλιπόντες
508 1060 532 1076 ⁸⁵
551 1061 586 1096 τῇ
607 1060 688 1096 λοιπῇ
714 1059 746 1087 τὸ
762 1058 872 1094 Ῥήγιον

71 1103 196 1139 ἰσχυρῶς
217 1105 404 1140 ἐπολιόρκουν,
418 1104 587 1138 ἐλπίζοντες,
601 1106 625 1132 ει
648 1105 752 1140 ταύτης
765 1105 871 1140 κρατή-

69 1157 161 1181 σαιεν,
177 1150 276 1185 ῥαδίως
289 1152 329 1183 είς
340 1151 390 1186 τὴν
404 1151 532 1178 Σικελίαν
545 1151 714 1179 διαϐιὸάσειν
725 1151 774 1183 τὰς
788 1151 871 1178 δυνά-

71 1202 135 1228 μεις
151 1195 198 1220 καὶ
213 1196 361 1230 κρατήσειν
373 1196 423 1231 τῆς
435 1195 684 1232 εὐδαιμονεστάτης
694 1196 749 1223 τῶν
762 1196 815 1223 ὑπὸ
826 1196 872 1222 τὺν

71 1240 153 1275 ἥλιον
168 1241 347 1275 νήσων.“Αλλ⁹
363 1243 377 1269 ό
390 1242 492 1278 ταύτης
509 1243 662 1278 στρατηγὸς
681 1243 762 1275 Γάϊος
773 1242 874 1278 Ὀρϐα,

69 1284 125 1316 νὸς.
144 1284 229 1320 πολλῇ
256 1286 372 1320 δυνάμει
401 1288 449 1315 καὶ
475 1290 637 1324 παρασκευῇ
663 1289 712 1316 καὶ
734 1288 875 1324 προθυμίᾳ

920 924 1051 954 apparatu
1075 925 1104 948 et
1125 920 1267 948 alacritate
1284 929 1362 954 usus,
1385 923 1504 956 percutit
1529 922 1609 950 Italos
1631 930 1716 958 appa—

921 971 996 994 ratus
1016 967 1212 1003 magnitudine,
1236 973 1319 1003 atque
1342 968 1511 1003 thegienses
1537 977 1569 997 ex
1594 969 1716 1004 periculo

920 1012 1029 1047 eripuit.
1045 1012 1145 1040 Deinde
1155 1021 1219 1041 cum
1231 1015 1381 1041 exarsisset
1395 1014 1463 1048 apud
1484 1014 1621 1042 Romanos
1636 1014 1718 1050 Syllae

920 1063 948 1086 et
962 1058 1040 1085 Marii
1054 1058 1143 1086 civilis
1157 1058 1266 1091 seditio.
1291 1058 1336 1086 alii
1359 1057 1454 1094 Syllae,
1468 1059 1513 1086 alii
1534 1058 1610 1086 Marii
1624 1063 1716 1094 partes
1731 1066 1743 1078 θ

922 1104 1008 1131 secuti
1024 1107 1098 1137 sunt,
1118 1109 1146 1131 et
1164 1111 1258 1131 eorum
1273 1111 1337 1138 pars
1353 1104 1438 1138 major
1452 1104 1529 1132 bellis
1549 1105 1660 1138 cecidit,
1674 1111 1718 1131 re-

923 1149 996 1184 liqua
1011 1150 1044 1177 ad
1061 1150 1191 1178 victorem
1215 1149 1317 1186 Syllam
1335 1151 1450 1178 descivit
1470 1159 1478 1178 :
1506 1157 1587 1187 atque
1604 1153 1640 1179 ita
1657 1156 1718 1178 tan-

924 1197 984 1224 dem
1005 1204 1060 1224 una
1082 1204 1143 1223 cum
1167 1197 1304 1224 seditione
1318 1197 1391 1224 civili
1416 1197 1580 1225 exstinctum
1594 1201 1646 1223 est
1660 1195 1718 1223 bel-

924 1242 979 1269 lum
996 1241 1060 1269 illud
1077 1241 1224 1269 Marsicum
1247 1243 1424 1278 appellatum,
1438 1250 1500 1270 cum
1515 1242 1612 1270 fuisset
1630 1240 1719 1269 maxi-

926 1295 1012 1316 mum.

69 1331 256 1365 χρησάμενος,
286 1331 367 1368 [1189
382 1333 428 1369 [1.]
455 1334 502 1361 καὶ
529 1334 774 1370 καταπληξάμενος
801 1335 866 1367 τοὺς
891 1333 1044 1367 Ἰταλιώτας
1067 1335 1108 1371 τῷ
1132 1335 1244 1370 μεγέθει
1283 1337 1333 1370 τῆς
1356 1335 1544 1370 παρασκευῆς,
1579 1334 1718 1370 ἐξήρπασε

69 1378 134 1409 τοὺς
152 1378 333 1413 Ῥηγίνους⁴⁵.
356 1379 422 1408 Εἶτα
433 1381 484 1416 τῆς
499 1382 563 1416 περὶ
575 1381 679 1409 Σύλλαν
695 1382 743 1409 καὶ
777 1383 884 1418 Μάριον
920 1383 1053 1418 ἐμφυλίου
1089 1383 1212 1415 στάσεως
1239 1383 1484 1419 ἀναρριπισθείσης
1518 1383 1665 1418 Ῥωμαίοις
1693 1382 1718 1408 οί

71 1424 122 1456 μέν
147 1424 283 1460 Σύλλᾳ,οί
303 1426 333 1453 δέ
356 1426 455 1462 Μαρίῳ
476 1427 679 1463 συνεμάχησαν.
697 1428 754 1454 Καὶ
767 1428 798 1454 τὸ
815 1428 865 1463 μὲν
886 1428 968 1456 πλέον
993 1429 1083 1455 αὐτῶν
1108 1429 1189 1455 ἐπεσε
1211 1430 1268 1460 τοῖς
1293 1428 1434 1463 πολέμοις,
1467 1428 1498 1454 τὸ
1520 1427 1544 1454 δ’
1573 1427 1719 1454 ὑπόλοιπον

70 1469 289 1506 ὲκικρατήσαντι
302 1472 390 1508 Σύλλᾳ
398 1472 604 1508 προσεχώρησε.
619 1473 673 1500 Kal.
688 1472 760 1500 οὕτω
770 1473 864 1500 τέλεον
882 1475 914 1510 τῇ
932 1474 1056 1510 ἐμφυλίῳ
1072 1475 1230 1510 συναπέσση
1246 1475 1341 1501 στάσει
1358 1474 1486 1510 μέγιστος
1515 1473 1638 1508 γεγονὼς
1671 1474 1719 1501 καὶ

70 1516 84 1542 ὁ
101 1516 247 1552 Μαρσικὸς
265 1516 423 1552 ἐπικληθεὶς
442 1517 568 1553 πόλεμος.

106 1563 171 1590 ὀτι
187 1563 294 1598 μεγάλη
309 1563 404 1595 στάσις
419 1564 550 1599 ἐμφύλιος
567 1564 618 1599 ἤδη
635 1563 811 1600 διαλυομένου
821 1565 867 1592 τοῦ

958 1563 1071 1591 Exstilit
1097 1568 1199 1596 autem,
1217 1563 1389 1591 exolescente
1411 1563 1468 1598 jam
1495 1563 1565 1591 bello
1590 1564 1717 1592 Marsico:

71 1607 219 1644 Μαρσικοῦ
242 1609 338 1643 γέγονε
362 1609 492 1644 πολέμου,
508 1606 544 1645 ἧς
567 1610 684 1644 ἡγοῦντο
700 1611 803 1643 Σύλλας
823 1611 867 1638 καὶ

927 1609 1022 1644 ingens
1037 1607 1134 1635 seditio
1149 1608 1247 1638 civilis,
1264 1607 1342 1641 cujus
1370 1608 1453 1635 duces
1471 1613 1549 1635 erant
1581 1607 1655 1643 Sylla
1689 1613 1718 1634 ct

72 1654 153 1686 Γάϊος
175 1654 293 1690 Μάριος,
309 1654 368 1687 νέος
380 1655 427 1688 ὣν,
443 1657 458 1683 ὁ
472 1656 579 1692 Μαρίου
594 1656 640 1683 τοῦ
654 1657 784 1690 πολλάκις
799 1657 867 1684 ὑπα-

924 1654 1008 1682 Cains
1028 1653 1138 1686 Marius,
1155 1653 1264 1687 juvenis
1281 1653 1369 1681 adhuc
1389 1653 1447 1681 Caii
1465 1653 1542 1681 Marii
1562 1653 1643 1685 illius,
1658 1653 1718 1688 ejus

72 1701 201 1732 τευκότος
226 1701 360 1734 (ἑπτάκις
383 1701 438 1737 γὰρ
463 1702 618 1738 ὑπάτευσε)
638 1703 714 1736 παῖς.
735 1703 779 1729 Ἐν
793 1702 821 1729 δὲ
835 1704 867 1739 τῇ

925 1700 972 1735 qui
988 1700 1070 1727 toties
1091 1699 1203 1734 (septies
1231 1698 1316 1733 enim)
1337 1699 1505 1726 consulatum
1530 1699 1622 1734 gessit.
1640 1697 1668 1726 In
1684 1706 1717 1726 ea

74 1746 170 1773 στάσει
191 1745 250 1782 [641
270 1745 317 1782 Η.]
336 1747 433 1774 πολλαὶ
449 1748 580 1783 μυριάδες
600 1748 753 1784 ἀνθρώπων
769 1749 867 1785 ἀνῃρέ·

923 1745 1056 1774 seditione
1084 1744 1231 1772 interfecta
1256 1750 1318 1772 sunt
1344 1745 1484 1772 hominum
1511 1744 1596 1771 multa
1621 1744 1715 1774 millia.

74 1792 172 1826 θησαν.
181 1793 332 1828 Ἐκράτησε
343 1793 366 1820 δ’
375 1794 390 1820 ὁ
401 1793 514 1826 Σύλλας,
527 1794 575 1820 καὶ
587 1794 724 1828 δικτάτωρ
738 1793 869 1828 γεγονὼς,

73 1837 269 1873 Ἐπαφρόδιτον
280 1846 310 1865 τε
333 1839 472 1873 ὀνομάσας
498 1839 604 1872 ἐαυτὸν,
621 1839 671 1866 οὐκ
684 1838 804 1874 ἐψεύσθη
818 1839 870 1874 τῆς

72 1883 252 1915 ἀλαζονείας·
276 1885 387 1919 κρατῶν
400 1885 454 1920 γὰρ
466 1886 523 1916 τοῖς
543 1885 674 1920 πολέμοις
689 1885 747 1920 ἰδίῳ
763 1885 870 1912 άπεϐίω

73 1928 194 1963 θανάτῳ.
203 1928 232 1955 ὐ
242 1929 270 1955 δὲ
280 1929 386 1965 Μάριος
403 1930 476 1965 μάχῃ
490 1931 524 1966 τῇ
538 1930 607 1965 πρὸς
618 1929 721 1957 Σύλλαν
735 1930 868 1964 γενναίως

72 1975 289 2010 ἀγωνισάμενος,
305 1976 381 2010 ὅμως
396 1975 524 2011 ἡττηθεὶς
541 1976 696 2010 κατέφυγεν
720 1976 761 2008 είς
784 1975 870 2012 Πραίο

72 2029 167 2048 νεστον
181 2020 239 2056 ἅμα
254 2021 364 2057 μυρίοις
376 2021 619 2056 πεντακισχιλίοις.
634 2021 828 2056 Συγκλεισθεὶς
840 2021 869 2048 δ’

71 2066 100 2092 ἐν
114 2066 186 2101 αὐτῇ
199 2066 247 2093 καὶ
261 2066 358 2101 χρόνον
370 2067 421 2093 οὐκ
435 2066 526 2100 ὀλίγον
541 2066 735 2102 πολιορκηθεὶς
747 2066 869 2101 ἠναγκά-

73 2113 136 2147 σθη,
154 2113 262 2140 πάντων
275 2112 357 2139 αὐτὸν
371 2111 609 2146 ἐγκαταλιπόντων
617 2111 712 2146 ",[xal
731 2111 867 2146 μηδεμίαν

72 2158 210 2192 σωτηρίας
221 2157 283 2184 ὁδὸν
295 2157 431 2192 καθορῶν,
442 2157 492 2192 τὴν
505 2158 565 2190 ἐνὸς
575 2157 682 2184 οἰκέτου
694 2157 747 2184 τῶν
760 2157 867 2184 πιστῶν

71 2206 151 2239 χεῖρα
168 2205 208 2236 είς
230 2203 308 2231 λύσιν
329 2204 382 2231 τῶν
400 2203 495 2230 δεινῶν
517 2203 718 2238 παρακαλέσαι.
734 2204 790 2230 Καὶ
804 2204 818 2230 ὅ
834 2211 866 2238 γε

923 1797 956 1818 ac
977 1791 1102 1826 superior
1126 1790 1214 1818 factus
1234 1789 1319 1826 Sylla,
1336 1795 1365 1818 et
1380 1791 1498 1818 dictator
1517 1794 1626 1818 creatas
1646 1790 1718 1818 Feli-

923 1842 982 1862 cem
1006 1836 1125 1869 seipsum
1141 1835 1303 1869 nominavit,
1328 1843 1389 1870 qua:
1408 1842 1470 1862 eum
1489 1835 1644 1871 arrogantia
1664 1842 1717 1862 non

923 1880 1031 1909 fefellit.
1051 1881 1142 1909 Armis
1160 1881 1232 1908 enim
1256 1882 1380 1916 superior
1401 1882 1511 1917 propria
1531 1887 1618 1909 morte
1634 1889 1718 1909 occu-

923 1928 991 1955 buit.
1018 1927 1120 1955 Marius
1148 1934 1212 1955 vero
1236 1928 1336 1963 proelio
1357 1936 1420 1956 cum
1445 1928 1519 1963 Sylla
1543 1935 1716 1963 cangressus,

922 1975 1047 2009 quamvis
1069 1981 1202 2009 generose
1225 1975 1377 2009 prmliatus.
1394 1975 1493 2011 393a
1512 1980 1604 2002 tamen
1629 1976 1717 2002 victus

922 2019 1058 2048 Praeneste
1085 2020 1220 2057 confugit,
1238 2029 1290 2048 una
1310 2029 1372 2048 cum
1396 2021 1469 2048 mille
1490 2021 1646 2056 quingentis
1665 2021 1718 2047 iui-

922 2066 1025 2100 litibns,
1049 2072 1076 2094 et
1099 2067 1126 2094 in
1153 2075 1185 2095 ea
1212 2068 1279 2096 urbe
1303 2068 1459 2100 conclusus,
1481 2074 1532 2095 nec
1554 2074 1649 2102 parum
1671 2067 1716 2094 diu

921 2112 1060 2143 obseSSus.
1078 2119 1188 2140 coactus
1206 2118 1248 2140 est
1267 2113 1312 2148 (ab
1332 2113 1460 2140 omnibus
1490 2113 1651 2144 derelictus,
1667 2119 1718 2139 nec

922 2156 1004 2183 ullam
1020 2156 1117 2185 salutis
1132 2157 1202 2185 viam
1219 2157 1324 2192 videns)
1339 2158 1420 2185 unius
1444 2157 1532 2185 ﬁdelis
1547 2157 1639 2185 famuli
1656 2164 1716 2184 ma-

921 2209 987 2229 num
1010 2202 1137 2230 ﬁniendis
1155 2203 1275 2231 miseriis
1292 2204 1430 2231 invocare.
1446 2203 1480 2231 Et
1498 2203 1543 2230 ille
1556 2203 1716 2234 obsecutus.

71 2249 207 2282 πεισθεὶς,
219 2250 266 2277 καὶ
278 2251 327 2285 μιᾷ
339 2250 431 2285 πληγῇ
445 2250 493 2276 τοῦ
507 2249 565 2285 βίου
574 2250 620 2276 τὸν
633 2249 768 2284 δεσπότην
778 2249 867 2277 ἀπαλ-

922 2255 976 2275 uno
993 2247 1049 2274 ictu
1070 2248 1165 2276 herum
1190 2248 1243 2275 vita
1266 2249 1392 2284 privavit,
1415 2253 1444 2276 et
1465 2248 1584 2283 seipsum
1607 2247 1719 2282 insuper

71 2296 164 2329 λάξας,
180 2296 278 2323 ἑαυτὸν
294 2296 507 2330 ἐπικατέσφαξε.
525 2296 581 2323 Καὶ
597 2295 715 2323 παύεται
733 2296 783 2331 μὲν
796 2296 867 2332 αὕτη

71 2343 87 2378 ή
103 2343 211 2374 στάσις,
228 2342 341 2377 λείψανα
357 2343 449 2378 μέντοι
464 2342 511 2370 τοῦ
526 2342 646 2377 πολέμου
669 2341 867 2377 ὑπολειφθέντα

71 2388 120 2422 τῆς
134 2389 244 2424 Μαρίου
261 2388 358 2424 μοίρας
375 2389 422 2416 ἐπὶ
442 2389 538 2424 χρόνον
556 2388 644 2424 Σύλλᾳ
655 2388 865 2424 διεμαχέσαντο,

71 2434 121 2466 ἕως
136 2434 184 2460 καὶ
205 2435 276 2462 αὐτὰ
297 2435 472 2471 συνδιέφθορε
489 2436 546 2467 τοῖς
563 2434 665 2466 ἄλλοις,
681 2435 758 2462 Μετὰ
775 2434 868 2470 μέντοι

70 2482 119 2515 τὴν
145 2481 250 2508 τούτων
278 2482 440 2517 ἀπαλλαγὴν
465 2481 601 2517 Πομπηΐῳ
625 2481 665 2516 τῷ
690 2480 866 2516 ἐπικληθέντι

71 2527 174 2562 Μάγνῳ
191 2528 237 2555 διὰ
258 2528 307 2560 τὰς
329 2529 442 2564 πράξεις
468 2528 501 2560 ἃς
530 2528 695 2563 κατώρθωσε
719 2527 807 2563 Σύλλᾳ
833 2536 864 2554 τε

71 2574 200 2607 πράττων
225 2574 273 2601 καὶ
294 2574 355 2602 καθ’
367 2575 463 2601 ἑαυτὸν
480 2574 636 2609 Ῥωμαίοις,
655 2573 744 2609 τούτῳ
761 2573 793 2608 δὴ
816 2574 864 2600 καὶ

77 2618 179 2654 Ἰουλίῳ
193 2619 312 2655 Καίσαρι
326 2619 384 2655 ἔρις
395 2620 527 2646 ἐκκαεῖσα
537 2620 578 2651 εἰς
590 2619 740 2654 ἐμφυλίους
753 2620 862 2652 σφαγάς

73 2664 133 2696 τοὺς
149 2664 300 2700 Ῥωμαίους
313 2665 396 2692 πάλιν
411 2665 552 2701 ἠνάγκασε
571 2665 770 2700 συστραφῆναι.
787 2664 863 2699 Πομ-

919 2291 1065 2327 jugulavit.
1093 2293 1126 2319 Et
1153 2293 1247 2320 sedata
1273 2297 1316 2321 est
1340 2293 1447 2328 quidem
1475 2291 1571 2320 seditio
1592 2311 1600 2324 ,
1620 2299 1717 2318 verum-

922 2337 1034 2372 reliquae
1055 2338 1260 2375 belli,reliqui:e
1280 2339 1405 2366 factionis
1425 2337 1554 2365 Marianae
1571 2336 1649 2372 Sylla:
1664 2336 1718 2363 ali-

921 2381 1039 2416 quandiu
1058 2387 1252 2417 repugnarunt,
1268 2383 1355 2410 donec
1372 2383 1560 2418 ipsaeuquoque
1574 2389 1636 2408 cum
1652 2381 1714 2408 aliis

923 2427 1071 2464 profligatae
1098 2434 1172 2456 sunt.
1200 2429 1392 2457 Verumtamen
1414 2433 1474 2465 post
1500 2429 1596 2456 horum
1620 2427 1713 2459 finem,

922 2474 995 2502 inter
1017 2474 1175 2509 Pompeium
1193 2475 1247 2510 (cui
1267 2481 1377 2510 propter
1393 2483 1482 2502 rerum
1499 2479 1637 2510 gestarum
1653 2480 1712 2500 nta-

920 2519 1102 2554 gnitudinem,
1114 2528 1185 2555 quas
1201 2520 1330 2548 Romanis
1345 2521 1444 2555 partim
1460 2521 1563 2556 Syllam
1579 2520 1711 2555 juvando.

918 2566 1017 2602 partim
1043 2567 1098 2601 ipse
1123 2574 1175 2594 suo
1199 2566 1286 2594 Marte
1308 2569 1411 2602 gessit,
1435 2567 1532 2602 Magno
1557 2573 1711 2601 cognomen

917 2611 990 2648 fuit),
1004 2612 1075 2639 inter
1099 2613 1181 2646 hunc,
1205 2613 1326 2648 inquam,
1348 2619 1375 2641 et
1396 2613 1495 2641 .luliuni
1511 2613 1646 2641 Caesarem
1664 2619 1709 2639 ac-

918 2667 999 2689 censa
1017 2658 1151 2688 discordia
1171 2661 1204 2689 ad
1226 2661 1320 2689 civiles
1341 2662 1429 2690 caedes
1450 2660 1589 2688 Romanos
1608 2660 1710 2687 iterum

693 2741 812 2771 νΑιιιιΕ
835 2741 1038 2772 LECTIONES.

107 2811 130 2848 'f
147 2811 482 2848 πλησιοχώρωνχπλησίον
494 2811 593 2848 χώρων
604 2812 644 2848 Α,
674 2810 698 2826 ⁸ο
705 2810 883 2848 ΚλέπτιοςλΒ.
899 2846 904 2848 _
931 2811 953 2827 “
970 2809 1254 2848 Πομπήϊοςῖνηλόντιος
1275 2810 1485 2848 Wesselin‘gius.
1508 2844 1515 2848 _
1534 2809 1556 2825 δ’
1577 2807 1658 2848 ξίσῖας
1671 2808 1703 2848 ᾼν

74 2843 166 2880 Ἀσῖας
177 2843 207 2881 g';
224 2843 320 2880 Τϊσίὸις
334 2843 541 2882 Ἣεεδοέίίιιδίύεἰ

588 2847 610 2864 ⁵³
619 2847 705 2874 οὺκ-
736 2846 760 2865 ⁵⁸
774 2846 968 2879 καταλιπόντες
979 2855 1035 2875 οιιι.
1051 2855 1082 2879 ς.
1121 2847 1142 2865 ⁸³
1162 2846 1192 2874 Ῥ

1194 2847 1289 2881 ηγίους
1300 2856 1331 2880 ς.
1368 2845 1392 2863 ⁵⁸
1404 2843 1655 2880 ἐγκαταλειπόντωι·
1672 2844 1703 2872 Δ.
