1923 3093
209 138 278 172 1443

778 141 910 172 ΡΗΟΤΙῙ
930 141 1027 171 PATR
1033 140 1069 171 IA
1074 142 1184 172 ΒΟΗᾸΞ
1193 143 1248 173 CP.

1769 143 1841 175 Il“

208 197 297 230 heret,
311 197 448 226 l‘hocione
463 203 489 225 et
505 198 634 230 Demade,
651 198 728 225 alteri
747 203 776 226 ιιι
791 199 925 234 acciperet
940 206 993 234 per-

1051 206 1117 230 των,
1137 198 1282 229 Φωκίωνος
1308 197 1356 225 καὶ
1380 197 1524 234 Δημάδου,
1544 198 1591 225 τὸν
1618 198 1668 234 μὲν
1692 199 1786 226 λαϐεῖν
1812 202 1842 227 οὐ

206 243 334 277 suadere,
351 244 467 270 alterum
486 243 576 271 dando
593 249 717 271 saturare
732 245 896 280 nequivisse.

523 289 548 316 E
561 289 671 318 Catone.

243 335 308 363 Cum
329 343 359 363 se
380 336 413 363 ad
437 337 595 364 discendum
615 336 684 363 Cato
711 336 882 369 contulisset,
897 337 998 364 'tardus

207 381 258 408 fuit
279 382 311 408 ad
336 382 557 417 percipiendum;
575 390 635 417 quae
651 389 741 410 autem
754 384 944 419 [percepisset,
965 391 996 411 ea

207 427 322 454 ﬁrmiter
341 429 471 454 memoria
495 427 639 455 retinebat.
657 427 800 461 Quomodo
814 430 937 456 videmus
951 428 997 463 qui

206 473 278 500 bono
289 477 353 499 sunt
375 473 484 508 ingenio
501 474 617 509 praediti,
633 475 688 502 cito
702 482 750 502 eos
766 475 903 502 memoria:
920 483 997 501 Inan-

206 519 342 553 darezqui
362 523 451 546 autem
471 520 577 547 nonnisi
589 527 650 547 cum
665 528 762 555 magno
775 521 867 547 labore
878 521 996 554 discunt,

205 572 253 592 eos
266 564 422 592 mctnoriter
437 572 496 599 quze
507 565 748 599 apprehenderunt
762 571 866 598 tenere,
879 574 912 593 eo
924 567 995 601 quod

204 611 308 646 singula
336 619 397 646 quae
421 611 592 643 didicerunt.
623 612 701 646 quasi
726 612 876 639 inttruntur
901 619 996 640 eorum

204 658 312 684 animis.

490 703 532 730 Ex
547 704 711 731 Alexandro.

239 748 335 776 Alhttm
360 750 397 777 ait
422 750 606 777 Alexandrum
631 751 732 783 fuisse,
757 751 940 786 ruboremque
968 751 995 779 in

204 800 314 830 pertore
336 797 486 830 praesertim
511 801 537 822 et
554 795 622 823 l‘acie
644 796 761 824 albetliui
782 797 927 823 admixtum
951 797 997 824 ha-

203 840 304 866 buisse.
319 839 516 866 Suavissitnum
530 841 641 868 odorem
658 842 691 867 ab
702 849 749 868 ore
760 847 788 868 et
799 842 924 869 universa
938 842 995 876 ejus

203 893 284 913 rarue
300 886 451 918 exhalasse,
467 887 502 913 ita
520 893 549 913 ιιι
561 891 588 914 et
600 888 697 914 tunicae
717 887 866 922 fragrantia
884 889 993 922 replctte

202 933 265 960 inde
280 934 335 960 sint
347 953 354 963 ,
371 938 398 959 ιιι
414 932 490 960 mttlti
509 933 688 961 tradiderunt.
707 934 793 962 Causa
811 935 927 962 fortasse
943 935 994 962 fuit

201 979 318 1006 calidum
330 983 358 1005 et
369 979 476 1013 igneum
491 980 617 1013 corporis
630 985 887 1014 temperamentum.
905 980 994 1007 Bonus

201 1026 273 1052 cnim
289 1026 367 1057 odor,
388 1024 579 1060 Theophrasto
595 1025 617 1052 si
634 1025 785 1059 credimus,
808 1025 916 1053 exsistit
931 1033 992 1052 cum

202 1073 329 1099 humores
342 1079 357 1098 a
372 1071 463 1099 calore
479 1077 635 1106 coquuntur
649 1079 656 1097 :
681 1073 774 1107 itaque
793 1073 873 1099 sicca:
895 1077 922 1099 et
936 1077 993 1099 tor-

202 1119 267 1144 rida:
287 1118 362 1145 orbis
383 1123 518 1145 terrarum
540 1122 631 1152 partes
653 1117 769 1153 plurima
791 1123 818 1145 et
839 1119 941 1152 optima
955 1118 995 1154 gi-

201 1167 286 1197 gnunt
301 1169 422 1190 aromata
435 1183 443 1195 ,
461 1164 532 1198 quod
549 1163 588 1190 sol
602 1164 758 1196 humorem,
774 1165 819 1197 qui
836 1164 862 1191 in
880 1165 995 1192 summis

203 1209 362 1244 Corporibus
374 1209 454 1235 veluti
465 1210 578 1236 materia
591 1209 743 1243 putredinis
759 1209 874 1241 innatat,
886 1210 994 1242 attollit.

204 1254 236 1281 Et
251 1259 462 1281 consentaneum
482 1258 523 1281 est
545 1254 730 1281 Alexandrum
747 1255 781 1282 ob
797 1254 916 1282 calorem
931 1263 994 1282 cor-

201 1300 274 1336 poris
287 1300 408 1328 bibacem
427 1301 640 1335 iracumlumque
654 1300 748 1328 fuisse.

235 1387 303 1415 Cum
322 1387 506 1421 Bucephalam
524 1387 653 1414 tredecim
676 1388 785 1416 talentis
802 1390 936 1422 venalem,
950 1390 995 1417 ad-

201 1434 309 1461 ductum
328 1441 342 1460 a
359 1433 497 1461 Philonico
520 1433 651 1461 Thessalo
671 1433 812 1470 Philippus
834 1435 992 1469 dimitteret,

201 1481 271 1516 quod
285 1488 372 1515 neque
387 1488 522 1507 sessorem
535 1481 703 1514 admitteret,
713 1488 800 1516 neque
809 1489 902 1509 vocem
915 1483 994 1510 ttllius

201 1533 295 1553 eorum
310 1526 355 1560 qui
376 1533 437 1553 cum
456 1525 581 1561 Philippo
598 1531 678 1554 erant
692 1527 874 1561 auscultarent
885 1528 910 1555 id
923 1536 993 1563 a-grc

201 1573 291 1600 ferens
303 1573 465 1605 Alexander,
478 1573 554 1607 petiit
565 1580 579 1599 a
593 1577 669 1607 patre
681 1579 710 1600 ut
729 1581 828 1607 equum
844 1575 991 1610 acciperet,

200 1623 228 1645 et
240 1618 376 1652 accipiens
392 1617 426 1645 ab
438 1619 565 1646 omnibus
578 1626 627 1653 pro
640 1618 724 1646 ell'ero
740 1625 767 1647 et
783 1620 912 1647 indomito
921 1621 995 1656 judi—

199 1669 306 1697 catum,
332 1664 409 1692 lreno
433 1670 590 1700 correptum
616 1666 748 1693 adversus
764 1666 848 1693 solem
866 1667 993 1700 obvertit,

201 1712 327 1738 nimirttm
340 1710 558 1738 animadvertens
574 1718 675 1746 equum
691 1711 805 1745 umbrae,
819 1719 878 1746 qua:
893 1713 995 1746 agitata

200 1764 228 1784 et
243 1762 363 1784 tremens
374 1757 397 1783 ei
415 1757 647 1791 appropinquaret
668 1757 746 1789 alias,
766 1764 912 1793 conspectu
929 1766 993 1794 per-

200 1803 318 1836 turbari;
337 1802 435 1830 deinde
452 1810 513 1829 cum
531 1802 669 1836 paululum
688 1803 837 1838 palpasset,
857 1812 994 1839 manuque

200 1849 295 1876 leviter
319 1849 399 1875 ducta
422 1847 612 1880 demulsisset,
640 1855 669 1875 ut
695 1851 734 1876 ira
758 1850 890 1885 repletum
914 1851 992 1884 vidit,

199 1896 301 1922 sensim
315 1894 420 1929 abiecta
431 1895 577 1930 chlamyde
588 1902 650 1924 sese
661 1895 688 1922 in
701 1903 762 1923 ettm
774 1897 880 1929 extulit,
894 1897 993 1933 396a

201 1945 311 1976 tutoque
335 1940 473 1972 consedit,
497 1946 526 1967 et
550 1941 684 1968 violenter
704 1949 803 1977 equum
824 1943 944 1978 impulit,
966 1949 994 1971 et

200 1986 281 2020 aliqui
296 1993 329 2012 ex
356 1986 388 2013 iis
408 1986 454 2020 qui
472 1987 602 2018 aderant,
626 1988 705 2014 anxie
733 1989 868 2023 taciteque
885 1995 994 2024 specta-

199 2032 276 2064 bant,
297 2039 330 2059 tte
347 2033 418 2066 quod
443 2033 644 2060 incommodum
664 2034 829 2062 adolescenti
845 2035 991 2068 accideret,

200 2078 282 2113 aliqui
313 2078 438 2106 manibus
462 2079 620 2113 plaudentes
640 2079 773 2114 jucunde,
810 2087 905 2108 omnes
929 2088 993 2108 vero

201 2123 328 2151 similiter
347 2126 560 2159 stupescehant,
581 2130 724 2160 postquam
741 2125 881 2153 exsultans
895 2127 994 2162 gaudio

199 2169 288 2197 salvus
301 2174 373 2197 retro
389 2174 451 2197 acto
466 2178 537 2205 equo
551 2171 641 2203 rediit,
660 2171 781 2197 ontnium
798 2171 994 2199 acclamatione

199 2215 322 2242 sublata:
342 2214 482 2250 Philippus
502 2223 558 2250 pra:
586 2216 678 2242 lzetitia
699 2216 780 2243 etiatn
808 2217 993 2252 illacrymasse

1052 243 1180 277 πέπεικε,
1195 245 1241 271 τὸν
1259 244 1287 270 δὲ
1299 244 1386 276 διδοὺς
1399 246 1448 271 οὐκ
1464 245 1652 280 ἐμπέπληκεν.

1226 289 1307 326 [H97
1318 290 1367 326 8.]
1381 291 1429 318 Ἐκ
1442 290 1496 318 τοῦ
1514 291 1663 323 Κάτωνος.

1091 335 1137 368 Ὦς
1147 336 1170 352 ¹⁸
1187 335 1234 362 οὖν
1248 337 1289 368 είς
1305 336 1335 363 τὺ
1349 336 1496 371 μανθάνειν
1508 334 1576 372 ἧκεν
1589 337 1603 363 ὁ
1618 337 1727 368 Κάτων,
1740 336 1843 372 νωθρὸς

1048 379 1083 417 ἦν
1099 381 1244 409 ἀναλαϐεῖν
1259 385 1307 408 καὶ
1328 382 1440 417 βραδὺς,
1457 382 1601 409 ἀναλαϐὼν
1615 383 1644 409 δὲ
1661 383 1780 418 κάτοχος
1799 384 1843 409 καὶ

1050 429 1230 463 μνημονικός.
1251 429 1284 454 Ὀ
1298 428 1329 464 δὴ
1350 429 1398 455 καὶ
1413 428 1535 461 πέφυκεν
1549 428 1636 461 άλλως
1653 429 1718 460 τοὺς
1735 429 1786 464 μὲν
1800 430 1844 455 εὑ-

1050 473 1220 508 φυεστάτους
1242 473 1466 508 ἀναμνηστικοὺς
1482 472 1583 508 μᾶλλον
1605 471 1687 506 εἶναι,
1708 482 1842 508 μνημονι-

1051 520 1116 550 κοὺς
1128 519 1157 546 δέ
1166 519 1230 551 τοὺς
1247 519 1315 554 μετά
1331 519 1415 546 πόνου
1427 519 1475 545 καὶ
1486 519 1676 555 πραγματείας
1687 520 1842 555 παραδεχο-

1051 565 1165 599 μένους·
1181 564 1286 598 γίνεται
1303 565 1357 601 γὰρ
1373 562 1429 592 οἷον
1443 565 1572 600 ἐκκαυμα
1581 567 1631 600 τῆς
1650 566 1669 581 ¹⁷
1681 565 1774 600 ψυχῆς
1790 566 1842 592 τῶν

1049 611 1221 646 παθημάτων
1234 611 1361 638 ἕκαστον.

1272 703 1324 730 Ἐκ
1339 702 1393 729 τοῦ
1409 702 1615 736 Ἀλεξάνδρου.

1088 749 1150 775 Ὀτι
1165 749 1198 782 ⁸⁸,
1216 749 1293 783 φησὶ.
1315 748 1410 780 λευκὸς
1426 747 1460 784 ἦν
1474 750 1488 775 ὁ
1505 749 1688 784 Ἀλέξανδρος.
1701 749 1718 784 ἡ
1736 748 1766 775 δέ
1781 748 1842 774 λευ-

1047 795 1131 829 κότης
1144 795 1333 829 ἐπεφοίνισσεν
1344 794 1427 822 αὐτοῦ
1446 795 1564 829 μάλιστα
1577 795 1641 830 περὶ
1657 796 1678 810 "
1693 795 1725 821 τὸ
1741 794 1842 829 στῆθος

1047 842 1094 868 καὶ
1108 840 1137 867 τὸ
1150 841 1308 875 πρόσωπον.
1319 841 1379 867 ’Ὀτι
1388 840 1417 866 δέ
1429 840 1476 866 τοῦ
1489 841 1592 875 χρωτὸς
1603 840 1711 875 ἥδιστον
1721 841 1842 867 ἀπέπνει

1046 888 1092 914 καὶ
1108 887 1138 913 τδ
1152 887 1240 921 στόμα
1254 888 1381 922 κατεῖχεν
1396 887 1495 914 εὐωδία
1506 888 1553 913 καὶ
1563 888 1614 922 τὴν
1631 887 1721 922 σάρκα
1737 888 1840 919 πᾶσαν,

1047 932 1117 959 ὥστε
1133 931 1305 968 πληροῦσθαι
1320 933 1343 948 ³⁸
1359 933 1423 964 τοὺς
1437 933 1625 967 χιτωνίσκους,
1637 933 1730 959 πολλοὶ
1739 934 1841 969 γεγρά-

1047 987 1142 1013 φασιν.
1157 979 1238 1006 Aleia
1250 978 1279 1005 δέ
1307 978 1373 1010 fam;
1388 979 1405 1013 ἡ
1426 978 1473 1004 τοῦ
1493 978 1617 1014 σώματος
1631 980 1741 1014 κρᾶσις,
1757 979 1841 1006 πολύ-

1045 1024 1147 1060 θερμος
1163 1021 1229 1051 οὖτα
1260 1024 1307 1050 καὶ
1323 1023 1469 1059 πυρώδης·
1490 1024 1506 1059 ὴ
1534 1024 1588 1059 γὰρ
1604 1024 1704 1050 εὐωδία
1733 1024 1840 1058 γίνεται

1046 1071 1127 1105 πέψει
1142 1070 1165 1086 ¹¹
1181 1069 1236 1096 τῶν
1252 1069 1344 1105 ὑγρῶν
1359 1069 1412 1096 ὑπὸ
1427 1069 1606 1105 θερμότητος,
1619 1070 1657 1101 ὼς
1673 1070 1762 1096 οἴεται
1777 1070 1840 1096 Θεά-

1046 1125 1178 1153 φραστος.
1202 1115 1286 1143 Ὅθεν
1310 1116 1336 1142 οί
1363 1115 1438 1151 ξηροὶ
1466 1116 1512 1142 καὶ
1532 1116 1659 1151 διάπυροι
1685 1116 1766 1142 τόποι
1791 1117 1840 1151 τῆς

1046 1162 1210 1197 οἰκουμένης
1221 1161 1256 1187 τὰ
1274 1161 1389 1187 πλεῖστα
1405 1161 1453 1187 καὶ
1468 1161 1599 1187 κάλλιστα
1615 1161 1668 1187 τῶν
1683 1161 1839 1196 ἀρωμάτων

1047 1207 1176 1243 φέρουσιν
1188 1215 1194 1221 ·
1209 1207 1313 1241 ἐξαίρει
1329 1207 1383 1242 γάρ
1402 1207 1417 1232 ὁ
1428 1206 1504 1241 ἥλιος
1514 1207 1545 1233 τὸ
1561 1207 1645 1242 ὑγρδν
1660 1207 1758 1243 ὥσπερ
1773 1207 1838 1242 ὓλην

1047 1252 1194 1288 σηπεδόνος
1223 1251 1389 1283 ἐπιπολάζον
1416 1254 1472 1284 τοῖς
1501 1251 1638 1286 σώμασιν.
1663 1252 1838 1288 Ἀλέξανδρον

1045 1297 1090 1330 δὲ,
1109 1297 1148 1328 ὡς
1176 1297 1282 1329 ἔοικεν,
1305 1297 1322 1332 ἡ
1340 1296 1476 1332 θερμότης
1495 1298 1519 1313 ’³
1539 1298 1585 1324 καὶ
1604 1297 1716 1324 ποτικὸν
1732 1298 1779 1323 καὶ
1794 1297 1839 1323 θυ-

1046 1343 1141 1378 μοειδῆ
1157 1344 1298 1378 παρείχεν.

1083 1389 1144 1416 ’Ότι
1158 1389 1182 1405 ’⁸
1195 1389 1241 1415 τὸν
1258 1388 1430 1423 Βουκέφαλον
1445 1389 1636 1424 προσαχθέντα
1651 1389 1732 1416 ὢνιον
1743 1389 1839 1417 ταλάν-

1045 1443 1099 1461 των
1116 1434 1182 1460 δέκα
1196 1434 1244 1460 καὶ
1257 1433 1341 1468 τριῶν
1355 1433 1432 1468 παρά
1448 1434 1589 1460 Φιλονίκου
1605 1434 1652 1461 τοῦ
1667 1432 1804 1461 Θετταλοῦ
1817 1435 1839 1451 ’⁸

1045 1481 1060 1507 ὁ
1078 1481 1128 1515 μὲν
1140 1480 1274 1512 Φίλιππος
1295 1479 1478 1515 ἀπεπέμπετο
1493 1480 1530 1512 ὡς
1546 1481 1568 1497 ’³
1590 1481 1635 1507 τὸν
1651 1481 1792 1516 ἀναϐάτην
1811 1483 1839 1508 οὺ

1045 1525 1191 1561 δεχόμενον
1207 1525 1269 1552 οὑδέ
1287 1525 1380 1561 φωνήν
1397 1533 1469 1557 τινος
1492 1525 1547 1552 τῶν
1561 1526 1625 1561 περὶ
1647 1526 1694 1552 τὸν
1709 1527 1840 1553 Φίλιππον

1048 1571 1218 1606 ὑπομένοντα
1228 1578 1234 1585 ·
1251 1571 1265 1597 ὸ
1281 1571 1309 1598 δὲ
1328 1571 1503 1606 Ἀλέξανδρος
1520 1571 1698 1607 μεμψάμενος
1709 1572 1760 1608 τὴν
1773 1574 1840 1600 ἀπο-

1047 1617 1163 1653 πομπὴν
1177 1617 1224 1643 τοῦ
1243 1617 1328 1644 ἵππου
1342 1618 1463 1652 ᾐτήσατο
1480 1617 1555 1653 παρὰ
1565 1617 1612 1644 τοῦ
1631 1618 1735 1654 πατρὶς
1750 1619 1841 1645 λαϐεῖν

1049 1663 1141 1695 αὑτὸν,
1154 1664 1202 1690 καὶ
1220 1662 1312 1690 λαϐὼν
1342 1663 1389 1690 τὸν
1410 1663 1540 1690 δοκοῦντα
1561 1664 1644 1690 ῐππον
1659 1664 1757 1700 ἄγριον
1772 1663 1841 1692 εἶναι

1046 1709 1114 1746 πρὸς
1130 1710 1245 1742 πάντας,
1267 1709 1291 1736 οἳ
1323 1710 1478 1746 προσῄεσαν
1500 1710 1586 1746 αὐτῷ,
1612 1711 1659 1737 καὶ
1676 1711 1840 1745 ἀκόλαστον,

1047 1755 1233 1791 προσδραμὼν
1249 1755 1288 1791 τῷ
1305 1756 1382 1791 ἵππῳ
1406 1756 1454 1782 καὶ
1479 1756 1648 1790 παραλαϐὼν
1670 1757 1719 1792 τὴν
1736 1758 1841 1793 ἡνίανό

1051 1801 1228 1837 Ἀλέξανδρος
1253 1802 1404 1838 ἐπέστρεψε
1429 1803 1499 1838 πρὸς
1515 1803 1561 1829 τὸν
1582 1803 1669 1839 ἥλιον,
1687 1804 1726 1836 ὼς
1742 1805 1840 1836 ἔοικεν,

1045 1849 1178 1883 ἐννοήσας
1193 1849 1233 1874 ὅτι
1249 1849 1300 1883 τὴν
1319 1848 1397 1874 σκιὰν
1415 1849 1643 1884 προσπίπτουσαν
1663 1850 1711 1876 καὶ
1727 1851 1841 1877 σαλευο-

1047 1894 1132 1929 μένην
1155 1895 1226 1929 ὀρῶν
1251 1895 1304 1930 πρὸ
1321 1895 1344 1910 η
1370 1895 1452 1922 αὑτοῦ
1474 1895 1598 1932 [64611]
1623 1897 1839 1932 διαταράττοιτο.

1044 1940 1141 1975 Μικρὰ
1163 1940 1192 1967 δὲ
1219 1941 1289 1967 οὕτω
1304 1941 1527 1976 παρακαλπάσας
1549 1942 1597 1968 καὶ
1622 1942 1787 1978 καταψήσας
1805 1943 1841 1974 ὡς

1045 1986 1118 2022 ἐώρα
1130 1986 1217 2021 θυμοῦ
1234 1987 1425 2022 πληρούμενον
1435 1987 1504 2022 ὁμοῦ
1517 1987 1563 2014 καὶ
1579 1987 1746 2023 πνεύματος,
1756 1990 1842 2025 ἀπορ-

1045 2033 1128 2067 ρίψας
1142 2033 1229 2068 ἡσυχῇ
1252 2035 1302 2068 τὴν
1330 2033 1456 2069 χλαμύδα
1476 2034 1522 2060 καὶ
1551 2035 1722 2068 μετεωρίσας
1745 2035 1841 2061 ἑαυτὸν

1044 2079 1173 2114 ἀσφαλῶς
1186 2079 1314 2114 περιέϐη,
1324 2076 1371 2105 καί
1381 2079 1500 2114 ἤλαυνεν
1512 2080 1564 2106 ἀνὰ
1575 2079 1675 2115 κράτος
1688 2081 1735 2107 τὸν
1745 2081 1838 2109 ἵππον.

1044 2126 1099 2152 Καὶ
1114 2126 1171 2156 τοῖς
1187 2125 1235 2160 μὲν
1249 2125 1308 2156 δέος
1323 2125 1371 2151 καὶ
1386 2124 1461 2159 ἀγὼν
1473 2126 1611 2157 ἐνέπιπτε,
1630 2127 1668 2161 μή
1685 2136 1711 2153 τι
1732 2127 1765 2154 τὸ
1778 2136 1841 2162 μει-

1046 2171 1142 2206 ράκιον
1158 2171 1242 2208 πάθῃ,
1256 2172 1312 2202 τοῖς
1324 2171 1352 2197 δὲ
1366 2171 1464 2206 κρότος
1489 2169 1523 2207 ἦν
1539 2172 1638 2207 χειρῶν
1658 2174 1705 2200 καὶ
1721 2175 1840 2210 τερπνῖν

1045 2218 1154 2252 θέαμα·
1184 2218 1290 2249 πάντας
1312 2217 1334 2243 δ’
1363 2218 1464 2252 ὁμοίως
1481 2216 1554 2252 εἶχεν
1584 2218 1727 2254 ἔκπληξις.
1748 2220 1794 2254 Ὠς
1811 2221 1839 2248 δὲ

197 2265 437 2293 commemoratur,
447 2267 584 2296 caputque
600 2261 659 2293 lllii,
673 2269 734 2288 cum
749 2263 782 2288 ah
795 2270 865 2297 equo
881 2264 992 2289 descen-

1049 2264 1158 2300 κάμψας
1173 2265 1346 2301 ὑπέστρεψεν
1369 2265 1456 2300 ὀρθῶς
1471 2266 1586 2301 σοῦαρδς
1609 2267 1670 2282 ¹⁷”¹¹¹
1691 2268 1738 2294 καὶ
1754 2276 1839 2303 γεγη-

199 2306 298 2338 disset,
318 2307 457 2333 osculatus
474 2306 575 2333 dixisse
595 2314 603 2332 :
622 2306 644 2333 0
663 2313 731 2339 nate,
755 2315 864 2342 regnum
878 2307 926 2334 tibi
944 2317 994 2342 par

198 2359 296 2386 quwre,
320 2351 478 2378 Macedonia
499 2353 570 2378 enim
598 2356 622 2378 ιι
644 2360 696 2379 non
719 2353 800 2387 capit.
827 2353 990 2388 Alexander,

197 2398 298 2432 inquit,
317 2399 436 2432 seipsum
450 2398 560 2425 vincere
575 2405 657 2433 quam
672 2399 763 2426 hostes
781 2400 867 2434 magis
884 2400 990 2434 regium

197 2445 360 2474 ertstiutans
382 2451 460 2477 esse,
485 2452 534 2472 nec
558 2444 639 2471 ullam
661 2444 777 2471 ﬁliarum
795 2445 867 2472 Darii
887 2445 989 2479 alioqui

198 2489 459 2526 pulcherrimarum,
483 2498 570 2524 neque
592 2490 675 2517 ullam
697 2491 777 2517 aliam
801 2495 863 2517 aute
886 2492 994 2525 nuptias

198 2535 286 2570 attigit
301 2534 460 2567 mulierem,
480 2534 593 2562 Barsina
608 2540 735 2569 excepta,
757 2543 818 2570 qua:
834 2535 913 2562 vidua
931 2536 993 2562 luit.

197 2580 265 2608 Cum
287 2586 377 2609 autem
402 2581 464 2609 ovis
483 2588 582 2616 agnum
608 2581 773 2616 peperisset,
795 2582 841 2615 qui
860 2581 886 2608 in
907 2581 996 2615 capite

199 2627 312 2662 ﬁguram
331 2632 358 2655 et
372 2629 494 2656 colorem
511 2627 599 2660 tiarae,
614 2631 641 2654 et
655 2634 689 2654 ex
710 2630 826 2661 utraque
842 2626 900 2660 ejus
916 2631 993 2661 parte

1046 2311 1112 2342 θὼς,
1127 2311 1248 2342 ἅπαντες
1265 2312 1315 2346 μὲν
1328 2311 1469 2346 χαίροντες
1484 2312 1666 2351 ἀνηλάλαξαν,
1680 2314 1694 2339 6
1706 2314 1734 2341 δὲ
1749 2316 1840 2351 πατὴρ

1045 2358 1092 2383 καὶ
1107 2357 1241 2392 δακρῦσαι
1259 2357 1370 2392 λέγεται
1388 2358 1456 2393 πρὸς
1482 2359 1532 2394 τὴν
1549 2359 1647 2394 χαρὰν,
1670 2361 1841 2393 καταϐάντος

1043 2402 1071 2428 δὲ
1083 2402 1165 2428 αὑτοῦ
1177 2404 1226 2438 τὴν
1240 2403 1360 2438 κεφαλὴν
1374 2403 1493 2439 φιλήσας
1505 2424 1513 2436 ,
1532 2401 1566 2431 Ὦ
1579 2404 1643 2437 παῖ,
1656 2406 1750 2439 φάναι,
1764 2406 1841 2440 ζήτει

1042 2449 1161 2482 σεαυτῷ
1185 2449 1351 2482 ,βασιλείαν
1376 2450 1463 2484 ἴσην·
1482 2450 1653 2478 Μακεδονία
1671 2451 1727 2486 γάρ
1747 2461 1785 2479 σε
1806 2454 1842 2480 οὐ

1043 2495 1142 2530 χωρεῖ.
1166 2495 1228 2522 Ὀτι
1245 2495 1267 2511 ³⁸
1293 2496 1483 2532 Ἀλέξανδρος,
1507 2497 1583 2532 φησὶ,
1611 2497 1658 2524 τοῦ
1684 2499 1764 2534 νικᾷν
1781 2501 1842 2530 τοὺς

1044 2540 1193 2574 πολεμίους
1209 2541 1241 2567 τὸ
1269 2543 1380 2576 κρατεῖν
1403 2542 1500 2568 ἐαυτοῦ
1519 2542 1733 2578 βασιλικώτερον
1760 2544 1843 2579 ἡγού-

1047 2594 1137 2620 μενος,
1153 2585 1216 2612 οὔτε
1239 2587 1313 2618 τινος
1340 2589 1394 2613 τῶν
1413 2588 1528 2622 Δαρείου
1552 2588 1723 2624 θυγατέρων,
1748 2590 1842 2617 κάλλει

1045 2630 1289 2665 διαπρεπεστάτων
1305 2631 1406 2665 οὐσῶν,
1423 2633 1553 2667 οὐδεμιᾶς
1567 2633 1668 2668 ἔθιγεν,
1682 2634 1744 2660 οὔτε
1759 2634 1842 2670 ἀλλην

842 2695 961 2723 νΔΒΙΑΞ
976 2696 1181 2726 LECTIONES.

184 2774 186 2776 .
203 2787 212 2798 θ
233 2750 393 2798 ‘l-digllcat.
412 2751 557 2798 Minzcﬂn.
577 2796 582 2798 _
601 2750 685 2798 Ἶὶεῆξ
699 2757 755 2798 οηὶἶ
879 2752 933 2798 οτι]
1053 2754 1078 2798 A"
1094 2754 1158 2798 περί
1174 2754 1197 2781 Α
1209 2762 1215 2780 :
1226 2764 1284 2798 περ
1298 2764 1344 2798 ς’.⁵
1367 2755 1391 2771 ²⁰
1405 2756 1453 2782 καὶ
1469 2755 1561 2798 την-
1573 2757 1644 2798 diem
1660 2757 1842 2798 τεληροῦσοαι]

196 2787 297 2824 ὡίκὲὶ
307 2787 356 2824 τὴν
370 2787 585 2824 -γπληροῦσθαι
606 2786 696 2824 καξιξ.
736 2787 866 2824 Hagen]
883 2786 930 2814 καὶ
946 2789 1027 2824 πέψει
1047 2788 1080 2817 Α.

195 2825 222 2841 ⁵⁸
234 2821 287 2854 ὅτι]
299 2830 323 2849 c.
336 2820 365 2850 6.
403 2822 427 2839 “
443 2820 598 2849 Φιλονείκου
611 2820 660 2850 ἰνῦ
674 2820 858 2854 Θεσσαλοὺς.

196 2858 218 2884 Β
232 2862 259 2885 et
281 2865 353 2886 corr.
368 2857 393 2884 Δ
405 2867 411 2874 -
432 2857 556 2893 σοϐαρῶς
575 2867 601 2886 -.
647 2857 678 2883 .«‘°
703 2857 756 2888 an}
772 2866 796 2884 e.
812 2857 856 2884 “lt.

1136 2790 1158 2805 "
1175 2796 1241 2829 post»
1259 2790 1396 2829 θερμότης
1410 2799 1473 2829 cum
1491 2790 1512 2819 A
1531 2793 1610 2820 omisi
1633 2793 1679 2820 τοῦ
1704 2790 1840 2829 σώματοῇ

900 2825 922 2839 ’³
935 2824 974 2856 ὼς
993 2832 1059 2860 mg.,
1076 2824 1144 2860 πρός
1161 2833 1181 2856 ς
1195 2834 1202 2852 :
1224 2825 1243 2852 ll
1259 2824 1317 2853 om.
1368 2824 1392 2843 “‘
1409 2826 1473 2863 πρὸ]
1499 2828 1568 2864 πρός
1582 2830 1614 2856 A.
1654 2830 1711 2849 "-"
1728 2824 1842 2866 σὸὸαρ-ἆς
