1923 3093
87 134 157 169 1445

634 137 896 169 ΒΙΒΙᾸΟΤΗΕΟΑι
913 151 946 157 ·-
958 139 1040 170 COD.
1060 138 1196 172 ’CCXLV.

1646 139 1715 172 1446

84 193 156 226 εγνω
169 191 288 226 γυναῖκα
311 190 366 226 πρὸ
393 190 484 225 γάμου
508 189 578 225 πλὴν
605 190 753 226 Βαρσίνης,
777 191 874 227 ἀνδρὸς

928 193 1067 221 testiculos
1081 193 1208 224 haberet.
1223 192 1395 221 abominatus
1409 193 1434 221 id
1451 194 1615 230 prodigium.
1631 202 1646 222 a
1661 195 1715 223 Ba—

83 238 170 272 οὖσης
182 236 382 272 κεχηρωμένης
397 236 430 262 ³⁸.
446 236 507 261 Ὀτι
523 235 546 251 ⁸¹
563 235 711 271 προϐάτου,
728 237 807 271 φησι,
828 245 874 263 τε-

82 284 179 314 κόντος
205 283 275 318 ἄρνα
288 282 353 317 περὶ
373 282 422 316 τὴν
446 281 568 317 κεφαλὴν
589 281 681 316 σχῆμα
704 282 751 308 καὶ
775 282 875 317 χρῶμα

82 329 181 364 έχοντα
194 329 291 363 τιάρας
308 328 356 354 καὶ
375 327 502 362 διδύμους
517 326 688 361 ἑκατέρωθεν
703 325 799 357 αὑτοῦ,
817 326 875 360 βδε-

81 372 194 407 λυχθεὶς
208 372 238 398 τὺ
254 373 366 406 σημεῖον
384 371 526 406 ἐκαθάρθη
543 371 593 405 μὲν
608 372 661 398 ὑπὸ
680 371 735 398 τῶν
750 371 876 397 Βαὸυλω-

80 419 149 445 νίων
169 420 183 446 ὸ
202 419 390 453 Ἀλέξανδρος,
404 419 450 451 οὓς
469 419 499 451 ἐξ
516 419 594 450 έθους
615 419 735 454 ἐπήγετο
752 419 820 454 πρὸς
840 419 876 446 τὰ

80 465 352 500 τοιαῦτα,διειλέχοη
367 465 395 491 δὲ
410 465 478 500 πρὸς
497 466 560 496 τοὺς
575 465 669 499 φίλους
683 465 721 497 ὡς
734 466 764 492 οὐ
778 465 811 493 δι’
826 466 877 492 αὺ-

79 511 140 543 τὸν,
157 511 225 537 ἀλλὰ
239 511 273 537 δι’
284 511 406 542 ἐκείνους
429 510 601 544 ταράττοιτο,
615 510 653 546 μὴ
670 510 699 537 τὺ
713 511 812 546 κράτος
837 512 876 543 είς

79 558 185 592 ἀγεννῆ
201 557 248 584 καὶ
258 557 371 584 ἄναλκιν
381 557 526 592 ἄνθρωπον
535 557 692 589 ἐκλιπόντος
706 557 788 584 αὑτοῦ
799 567 877 592 περι-

80 605 172 638 στήσῃ
183 603 206 618 ³³
221 603 251 630 τὸ
267 603 417 638 δαιμόνιον.
435 603 473 629 Οὐ
493 603 546 637 μὴν
567 603 636 629 ἀλλὰ
650 602 755 637 βέλτιόν
779 612 806 630 τι
828 611 878 637 ση-

80 649 162 683 μεῖον
175 648 322 683 γενόμενον
334 647 384 681 τὴν
399 647 518 682 ἀθυμίαν
531 647 625 674 ἔλυσεν
636 647 670 674 ³⁸.
684 647 765 683 [1⁸200
781 647 829 683 R.]
848 647 878 674 '0

79 695 137 730 γάρ
154 694 176 710 ³⁸
201 694 247 720 ἐπὶ
272 693 327 721 τῶν
343 693 477 729 σωμάτων
495 694 661 728 τεταγμένος
677 693 764 729 δνομα
778 693 878 728 Πρόξε-

78 748 139 771 νος,
158 739 252 774 χώραν
268 739 391 774 ὀρύττων
408 741 441 775 τῇ
459 739 585 775 βασιλικῇ
601 740 687 775 σκηνῇ
703 739 726 755 ³⁸
744 739 819 774 παρὰ
833 739 879 766 τὸν

80 786 167 818 Ὄξον
194 787 329 820 ποταμὸν,
356 785 517 820 ἀπεκάλυψε
536 785 627 821 πηγὴν
652 785 736 822 ὑγροῦ
759 785 878 821 λιπαροῦ

80 833 132 859 καὶ
158 832 340 867 πιμελώδους.
361 832 596 867 Ἀπαντλουμένου
613 832 633 847 ³⁷
651 831 680 858 δὲ
694 832 742 858 τοῦ
757 831 878 867 πρώτου,

926 238 1053 273 byloniis,
1063 246 1131 273 quos
1141 238 1198 272 ejus
1211 238 1249 266 rei
1263 246 1344 266 causa
1353 246 1387 266 ex
1401 247 1476 267 more
1491 241 1607 274 quodnn
1622 248 1714 268 secum

927 284 1058 316 ducebat,
1081 284 1221 319 expiatus,
1243 284 1276 311 ad
1291 285 1393 312 amicos
1410 285 1492 312 etiam
1514 286 1592 319 dixit,
1614 295 1643 314 se
1661 295 1716 315 non

926 329 986 360 sui.
1008 337 1101 356 verum
1127 330 1247 363 ipsorum
1275 337 1356 356 causa
1380 330 1568 364 perturbatum
1584 339 1661 365 esse,
1682 339 1717 359 ne

925 374 985 408 ipso
1002 374 1129 401 deluncto
1148 381 1280 401 summam
1298 382 1387 401 rerum
1405 375 1439 402 ad
1454 375 1600 409 ignobilem
1619 381 1647 404 et
1664 378 1717 404 im-

927 417 1022 445 bellem
1047 418 1164 452 aliquem
1190 418 1327 446 hominem
1358 418 1440 446 latum
1466 420 1634 448 devolverel.
1663 422 1717 449 Sed

927 464 998 490 lmnc
1013 465 1071 498 ejus
1085 471 1228 492 llltBl'OI‘etlI
1247 465 1319 491 aliud
1338 465 1425 493 lzutius
1440 470 1576 493 ostentum
1595 468 1717 495 sustulit.

927 509 1035 536 Etenitn
1051 509 1191 537 Proxenus
1206 511 1368 538 stratoribus
1383 512 1464 546 regiis
1478 512 1635 547 praefectus,
1656 521 1718 541 cum

929 554 1046 582 tentorio
1065 555 1138 589 regis
1159 554 1249 582 locum
1268 555 1373 583 foderet
1387 556 1464 590 juxta
1489 556 1576 584 Oxum
1595 557 1718 592 ﬂuvium,

928 600 1028 628 fontem
1043 601 1157 635 liquoris
1168 601 1275 637 pinguis
1288 603 1406 636 aperuit,
1419 602 1496 638 cujus
1508 611 1569 631 cum
1582 612 1719 632 summum

927 651 1000 674 esset
1015 647 1140 674 haustum
1153 666 1162 680 ,
1182 655 1281 682 purum
1297 648 1394 676 deinde
1407 652 1433 676 et
1447 649 1613 683 perlucidum
1630 650 1719 677 oleum

928 692 1053 719 scaturiit
1063 712 1072 725 ,
1095 700 1183 728 neque
1197 693 1280 721 odore
1295 694 1462 728 quidquam,
1488 702 1575 729 neque
1589 700 1669 730 gustu
1686 696 1721 724 ab

928 737 998 771 oleo,
1015 745 1102 772 neque
1115 739 1206 766 nitore
1222 739 1303 766 etiam
1320 744 1346 766 et
1361 740 1525 774 pinguedine
1535 740 1675 774 diﬂ‘erens,
1691 746 1720 768 et

928 790 994 810 vero
1016 784 1095 812 nulla!
1114 790 1178 812 sunt
1198 785 1224 812 in
1240 785 1290 812 ista
1305 786 1414 819 regione
1429 786 1506 813 oleae.
1520 785 1607 813 Oxum
1628 791 1720 814 autem

930 830 1118 858 mollissimam
1131 831 1213 858 habet
1224 839 1334 866 aquam,
1347 832 1414 859 adeo
1429 836 1458 859 ut
1470 832 1624 860 lavantibus
1636 833 1719 860 cutim

80 878 206 913 καθαρὶν
227 878 374 910 ἀνέϐλυζεν
403 878 454 912 ήδη
479 877 526 904 καὶ
543 877 655 911 διαυγὲς
683 876 784 908 έλαιον,
815 875 874 902 οὔτε

930 875 1091 910 pinguedine
1113 877 1229 911 quadam
1256 877 1377 912 inungat.
1402 877 1515 905 Miriﬁce
1539 885 1572 905 eo
1598 879 1721 913 prodigio

79 924 157 960 ὀσμῇ
174 923 271 951 δοκοῦν
287 923 349 950 οὔτε
366 922 460 958 γεύσει
478 923 570 950 ἐλαίου
588 923 611 941 ³⁸
637 923 788 957 διαφέρειν,
805 922 877 949 στιλ-

80 971 180 1006 βότητι
193 971 215 987 ³³
231 970 259 997 δὲ
283 970 331 998 καὶ
346 970 510 1005 λιπαρότητι
525 969 702 996 παντάπασιν
719 968 878 1004 ἀπαράλλα-

77 1024 158 1046 κτον,
172 1015 220 1041 καὶ
235 1014 322 1042 ταῦτα
345 1014 395 1049 τῆς
410 1013 503 1049 χώρας
524 1014 591 1050 μηδὲ
615 1013 711 1045 ἐλαίας
726 1013 874 1048 φερούσης.

77 1060 200 1094 Λέγεται
216 1060 265 1094 μὲν
279 1057 326 1086 οὖν
341 1060 389 1086 καὶ
402 1053 448 1085 τὸν
465 1059 547 1092 Ὄξον
571 1058 653 1086 αὑτὸν
677 1058 875 1094 μαλακώτατον

77 1106 165 1141 ὕδωρ,
182 1105 252 1133 ὥστε
269 1105 300 1132 τὸ
313 1105 402 1141 δέρμα
419 1106 482 1137 τοὺς
502 1105 664 1140 λουομένους
681 1103 874 1131 ἐπιλιπαίνειν.

78 1152 117 1178 Οὐ
140 1153 195 1187 μὴν
217 1151 286 1178 ἀλλὰ
301 1152 348 1179 καὶ
366 1152 529 1187 θαυμαστῶς
540 1151 564 1167 ⁴⁹
583 1151 758 1186 Ἀλέξανδρος
773 1150 812 1186 τῷ
827 1159 877 1186 ση-

79 1197 153 1233 μείῳ
169 1199 250 1234 ἥσθη.
267 1199 328 1225 Ὅτι
340 1199 362 1214 ⁸⁸
377 1198 511 1233 Ἀριδαῖος
530 1198 579 1232 μὲν
595 1198 689 1231 γέγονε
697 1197 736 1232 τῷ
751 1197 877 1236 Φιλίππῳ

927 921 1080 949 Alexander
1105 923 1254 950 delectatus
1280 927 1332 949 est.
1357 922 1418 950 Fuit
1445 927 1472 951 et
1499 923 1623 959 Philippo
1648 925 1720 953 [ilius

927 968 1062 999 Aridazus,
1073 975 1106 995 ex
1120 968 1230 1003 ignobili
1243 973 1332 996 scorto
1346 968 1451 995 Philina
1467 975 1628 1004 prognatus,
1644 978 1721 998 men-

927 1011 961 1038 tis
976 1018 1031 1038 non
1043 1012 1124 1045 plane
1140 1019 1261 1046 compos,
1275 1012 1345 1046 quod
1358 1013 1482 1047 corporis
1498 1014 1594 1041 morbo
1611 1015 1636 1041 ei
1653 1022 1720 1042 eve-

928 1057 1030 1083 niebat.
1045 1057 1145 1084 Verum
1158 1056 1181 1083 is
1192 1057 1303 1084 morbus
1318 1065 1371 1086 non
1386 1064 1490 1086 natura:
1503 1060 1578 1093 vitio,
1593 1061 1719 1094 quinimo

929 1102 956 1129 in
970 1110 1054 1137 puero
1067 1110 1099 1129 eo
1113 1102 1180 1129 satis
1195 1102 1265 1129 bona
1283 1107 1365 1138 atque
1383 1104 1496 1139 ingenua
1514 1104 1622 1132 indoles
1636 1113 1719 1140 appa-

930 1149 1019 1176 ruisse
1029 1148 1196 1180 dicitur,sed
1209 1149 1379 1184 postmodum
1391 1151 1504 1177 vertentis
1516 1151 1550 1178 ab
1563 1151 1723 1186 Olympiade

929 1199 1086 1228 corruptus,
1102 1202 1176 1221 same
1193 1195 1292 1223 mentis
1303 1195 1438 1229 iacturam
1453 1196 1560 1224 fecisse.

78 1245 109 1278 ἐξ
126 1246 223 1278 ἀδόξου
242 1246 371 1280 γυναικὸς
390 1246 437 1272 καὶ
465 1247 568 1281 κοινῆς,
590 1246 710 1281 Φιλίνης,
727 1244 827 1279 ἀτελὴς
843 1236 871 1269 δὲ
890 1242 928 1277 τῷ
944 1243 1094 1277 σωφρονεῖν
1106 1242 1129 1257 δ’
1142 1241 1187 1268 διὰ
1202 1241 1328 1277 σώματος
1345 1243 1467 1277 ἐγεγόνει
1482 1244 1570 1277 νόσον,
1601 1244 1631 1271 οὑ
1667 1243 1721 1279 μὴν

78 1293 173 1328 φύσει,
192 1293 260 1320 ἀλλὰ
274 1295 322 1320 καὶ
338 1295 408 1322 πάνυ
422 1296 505 1330 φασὶν
516 1295 600 1322 αὑτοῦ
616 1295 709 1326 παιδὸς
723 1294 799 1326 ὄντος
811 1291 999 1327 διαφαίνεσθαι
1009 1290 1106 1334 χαρίεν
1118 1288 1184 1325 ἦθος
1205 1290 1253 1318 καὶ
1285 1291 1336 1318 οὐκ
1371 1291 1494 1326 ἀγεννὲς,
1530 1291 1591 1318 εἶτα
1626 1292 1720 1327 μέντοι

77 1341 239 1376 φαρμάκοις
250 1341 302 1368 ὑπὸ
318 1341 500 1376 Ὀλυμπιάδος
515 1342 676 1369 κακωθέντα
689 1341 874 1377 διαφθαρῆναι
892 1340 942 1375 τὴν
955 1338 1088 1365 διάνοιαν.

330 1399 382 1426 Ἐκ
398 1399 450 1426 τοῦ
465 1399 626 1433 Καίσαρος.

117 1453 182 1480 Ὀτι
198 1453 222 1470 ⁸³
238 1455 347 1491 Καῖσαρ
374 1456 485 1490 λέγεται
498 1477 503 1488 ,
516 1458 549 1492 τῇ
568 1456 690 1492 προτέρᾳ
718 1456 796 1484 νυκτὶ
825 1456 876 1491 τῆς

79 1499 125 1526 ἐπ’
139 1500 281 1535 Ἀρίμινον
293 1500 314 1516 ⁵⁸
329 1501 482 1533 διαϐάσεως
503 1502 592 1537 (πόλις
606 1501 635 1528 δέ
651 1502 726 1528 ἐστιν
742 1501 810 1535 αὕτη
826 1500 877 1535 τῆς

79 1545 222 1580 Κελτικῆς
234 1546 258 1562 ⁸⁵
270 1547 387 1582 μεγάλη,
408 1547 441 1583 ἥν
459 1548 506 1574 καὶ
520 1547 617 1582 ἁθρόον
629 1546 754 1574 ἀπελθὼν
766 1546 855 1582 ἔσχεν)
868 1566 875 1578 ,

80 1591 151 1626 δναρ
171 1591 236 1618 ίδείν
266 1591 419 1627 ἔκθεσμον·
433 1593 520 1620 ἐδόκει
550 1593 604 1630 γὰρ
621 1593 702 1625 αὐτὸς
724 1594 757 1629 τῇ
778 1592 875 1620 ἑαυτοῦ

82 1637 169 1672 μητρὶ
184 1637 331 1672 μίγνυσθαι
344 1639 393 1674 τὴν
408 1639 529 1675 ἄρρητον
549 1639 632 1675 μίξιν.

260 1692 325 1729 [647
337 1693 384 1730 H.]
399 1693 448 1721 Ἐκ
461 1694 516 1721 τοῦ
532 1694 696 1729 Εὐμένους.

117 1747 156 1773 Τὸ
174 1747 223 1782 μὲν
242 1747 265 1763 ⁸⁵
280 1748 404 1783 εὐτυχεῖν
420 1749 467 1775 καὶ
486 1750 551 1781 τοὺς
575 1749 656 1784 φύσει
681 1749 798 1785 μικροὺς
814 1757 877 1775 συν-

81 1793 256 1828 επικουφίζει
274 1795 329 1825 τοῖς
343 1795 525 1830 φρονήμασιν,
538 1794 609 1821 ὥστε
625 1794 768 1829 φαίνεσθαί
783 1803 809 1820 τι
830 1793 877 1829 μέ-

81 1839 164 1874 γεθος
175 1840 240 1875 περὶ
259 1840 358 1872 αὐτοὺς
377 1842 424 1868 καὶ¹
441 1841 522 1875 ὄγκον
538 1841 570 1867 ὲκ
598 1841 770 1877 πραγμάτων
793 1841 878 1875 ὑπερ-

81 1886 200 1922 εχόντων
220 1886 471 1922 ὰποῦλεπομένους.
495 1887 524 1914 'O
538 1887 566 1914 δέ
587 1896 618 1921 γε
634 1887 742 1922 άληθῶς
758 1886 875 1922 μεγαλό-

81 1940 160 1967 φρων
179 1931 225 1958 καὶ
243 1931 351 1966 βέϐαιος
366 1933 395 1958 ὲν
412 1933 468 1964 τοῖς
485 1932 625 1968 σφάλμασι
640 1932 739 1968 μᾶλλον
754 1933 800 1959 καὶ
816 1932 876 1963 ταῖς

80 1977 263 2013 δυσημερίαις
280 1978 425 2013 ἀναφέρων
446 1978 551 2013 γίνεται
578 1979 739 2013 κατάδηλος,
753 1978 848 2013 ὥσπερ
861 1979 876 2004 ὁ

81 2023 209 2059 Εὐμένης
242 2024 470 2059 κακοπραγήσας.
499 2024 609 2051 Μᾶλλον
630 2024 684 2059 γὰρ
713 2023 796 2050 αὑτοῦ
825 2024 875 2059 τῆς

79 2069 172 2105 ψυχῆς
184 2070 214 2096 τδ
239 2072 362 2104 γενναῖον
379 2069 402 2086 ⁸⁷
418 2070 533 2105 διεφάνη
557 2071 605 2097 καὶ
630 2070 765 2106 ἐξέλαμψε
783 2070 875 2097 καὶτὸ

80 2116 219 2150 ἀπτόητον
232 2115 279 2142 τοῦ
295 2116 470 2151 φρονήματος
489 2115 536 2142 καὶ
559 2117 618 2147 ταῖς
635 2117 787 2151 συμφοραῖς
810 2116 876 2142 ἀτα-

80 2160 225 2188 πείνωτον.
247 2161 310 2187 Ὀτι
324 2160 347 2176 ⁵⁸
373 2160 546 2196 αἰσθόμενος,
564 2161 642 2196 φησι,
655 2161 720 2192 τοὺς
736 2160 782 2187 ὑπ’
794 2160 875 2186 αὐτὸν

79 2205 206 2240 ἀλλήλων
223 2205 272 2240 μὲν
287 2206 309 2220 ¹⁹
327 2205 578 2241 καταφρονοῦντας,
595 2206 676 2232 αὑτὸν
695 2206 724 2232 δὲ
740 2206 875 2241 φοϐουμέ-

80 2260 157 2283 νους,
174 2252 220 2278 καὶ
236 2252 496 2288 παραφυλάττοντας
512 2252 627 2285 ἀνελεῖν,
642 2254 665 2279 εί
685 2253 790 2287 γένοιτο
809 2261 871 2279 και-

1180 1394 1222 1422 Ea:
1243 1394 1358 1423 Caesaris
1379 1395 1453 1423 Vim.

964 1452 1066 1480 Ferunt.
1081 1452 1217 1487 proxima,
1233 1460 1313 1487 quam
1343 1452 1441 1488 3966
1456 1453 1606 1480 Ariminum
1625 1462 1720 1489 perve-

929 1497 1016 1524 nisset
1034 1497 1116 1530 (urbs
1132 1504 1163 1524 ea
1178 1501 1219 1525 est
1235 1504 1331 1531 magna
1349 1498 1375 1524 in
1393 1498 1510 1528 Celtica.
1525 1507 1605 1534 quam
1626 1501 1718 1528 subito

929 1543 1032 1577 impetu
1048 1543 1178 1569 invadens
1193 1543 1346 1578 occupavit)
1364 1549 1444 1571 nocte
1456 1545 1602 1573 obscenum
1614 1546 1716 1574 Cmsari

929 1588 1092 1616 insomnium
1109 1588 1206 1622 visum,
1221 1595 1319 1623 nempe
1338 1595 1368 1616 se
1381 1596 1442 1616 cum
1455 1595 1541 1618 matre
1555 1599 1603 1618 sua
1620 1600 1717 1626 corpus

927 1639 953 1659 III
958 1639 1053 1659 Iscere.

1183 1688 1226 1716 Ex
1245 1687 1372 1716 Eumenis
1392 1688 1463 1718 Vita.

963 1744 1108 1772 Enimvero
1130 1744 1254 1772 secundat
1275 1752 1319 1772 res
1333 1745 1414 1771 etiam
1438 1745 1545 1781 iungentia
1569 1747 1674 1774 modico
1692 1752 1720 1775 et

926 1791 1063 1819 submisso
1079 1791 1206 1825 prteditos
1221 1791 1367 1824 attollunt,
1389 1795 1418 1817 ut
1437 1791 1526 1825 magni
1542 1793 1591 1819 sibi
1607 1793 1719 1820 videan-

928 1841 981 1870 tur,
995 1837 1149 1871 cristasque
1162 1837 1279 1871 erignnt,
1293 1844 1355 1864 cum
1370 1836 1479 1865 excelso
1494 1838 1554 1865 loco
1571 1838 1718 1866 collocatos

926 1890 956 1910 se
984 1883 1085 1910 vident.
1114 1883 1183 1909 Vera
1209 1882 1293 1909 animi
1330 1883 1485 1917 magnitudo
1511 1888 1538 1911 et
1566 1885 1718 1913 constantia

928 1927 1011 1954 rebus
1028 1927 1149 1954 adversis
1170 1927 1290 1955 ferendis
1303 1930 1532 1964 emendandisque
1545 1931 1654 1958 casibus
1663 1932 1719 1958 elu-

926 1973 1010 2000 cescit
1023 1981 1029 1999 :
1041 1973 1118 2008 cuius
1133 1974 1170 2000 rei
1182 1973 1334 2008 exentplum
1350 1975 1483 2002 Eumenes
1493 1977 1616 2010 praebuit.
1634 1977 1719 2013 Magis

925 2019 997 2046 enim
1019 2019 1090 2046 illius
1120 2020 1248 2046 nobilitas
1273 2021 1371 2047 anima:
1390 2022 1515 2056 apparuit
1526 2027 1554 2049 et
1571 2023 1667 2057 patuit,
1691 2028 1719 2051 et

926 2065 1052 2093 alacritas
1070 2066 1169 2100 ingenii
1187 2066 1315 2093 omnibus
1330 2067 1531 2096 calamitatibus
1546 2069 1624 2104 longe
1638 2077 1718 2104 supe-

927 2111 1017 2139 rioris.
1036 2111 1188 2146 Eapropter
1202 2112 1323 2139 sentiens
1342 2120 1388 2140 eos
1402 2120 1463 2141 sese
1483 2120 1576 2142 mutuo
1597 2121 1719 2142 contem-

926 2165 1001 2190 nere,
1013 2158 1100 2193 ipsum
1117 2164 1248 2191 metuere,
1266 2163 1293 2186 et
1307 2159 1334 2186 in
1351 2159 1403 2187 hoc
1413 2167 1487 2193 esse,
1503 2165 1532 2188 ut
1549 2166 1626 2196 capta
1640 2169 1719 2189 occa-

925 2203 1002 2231 sione
1018 2205 1164 2236 occidant,
1183 2206 1297 2239 pecunia
1320 2205 1372 2233 sibi
1394 2213 1463 2241 opus
1481 2214 1542 2235 esse
1567 2208 1718 2241 simulavit,

926 2257 1012 2284 eoque
1037 2251 1088 2277 sub
1117 2255 1266 2285 praetextu,
1294 2252 1373 2279 abiis
1394 2253 1493 2287 quibus
1517 2254 1634 2281 maxime
1655 2255 1719 2282 odio

81 2297 142 2332 ρος,
159 2297 298 2332 ἐσκήψατο
313 2297 463 2332 χρημάτων
473 2297 587 2329 δεῖσθαι,
605 2298 653 2324 καὶ
668 2298 874 2325 συνεδανείσατο

928 2300 995 2328 erat,
1018 2296 1102 2323 multa
1117 2295 1218 2323 talenta
1240 2301 1333 2324 mutuo
1350 2297 1471 2332 accepit,
1488 2303 1517 2324 ut
1533 2298 1550 2325 ii
1568 2298 1647 2325 iidem
1668 2299 1720 2333 ipsi

80 2341 201 2368 τάλαντα
214 2342 300 2368 πολλὰ
313 2343 335 2358 ⁸⁰
351 2342 427 2378 παρὰ
440 2342 495 2369 τῶν
511 2342 629 2378 μάλιστα
648 2343 808 2378 μισούντων,
829 2344 873 2371 ἴνα

81 2389 129 2415 καὶ
147 2388 296 2414 πιστεύωσι
315 2388 338 2404 ⁸¹
363 2389 411 2416 καὶ
437 2389 595 2424 ἀπέχωνται
625 2390 688 2425 περὶ
711 2389 742 2416 τὺ
768 2390 873 2417 δάνειον

80 2434 265 2468 ἀγωνιῶντες.
295 2435 376 2461 Ὥστε
404 2434 503 2470 συνέϐη
519 2435 564 2461 τὸν
589 2435 729 2471 ἀλλότριον
757 2435 873 2463 πλοῦτον

80 2479 193 2514 φύλακα
210 2479 256 2506 τοῦ
276 2479 401 2515 σώματος
421 2480 505 2516 ἔχειν,
516 2481 624 2507 καὶτῶν
645 2480 733 2507 ἄλλων
755 2481 800 2508 ἐπὶ
819 2490 874 2508 σω-

80 2525 166 2561 τηρίᾳ
195 2525 319 2552 διδόντων
337 2526 416 2562 μόνον
444 2527 476 2553 ὲκ
497 2527 520 2542 ⁸²
541 2526 588 2553 τοῦ
609 2526 699 2553 λαϐεῖν
719 2528 872 2562 κτήσασθαι

81 2571 133 2606 τὴν
146 2570 309 2604 ἀσφάλειαν.
329 2571 392 2599 Ὀτι
417 2571 597 2607 φιλοπόλεμος
622 2571 672 2607 μέν
696 2571 872 2606 ἑστι,φησὶν,

927 2341 1075 2376 haberent,
1099 2346 1127 2369 et
1155 2346 1228 2369 metu
1254 2343 1413 2370 admittendi
1442 2344 1537 2371 crediti
1558 2345 1592 2372 ab
1614 2345 1721 2373 insidiis

927 2387 1097 2415 desisterent.
1128 2387 1167 2415 lla
1187 2390 1297 2422 evenit,
1319 2394 1348 2416 ut
1367 2390 1481 2417 alienam
1511 2390 1555 2418 ille
1577 2392 1720 2426 pecuniam

927 2435 1049 2468 corporis
1075 2435 1114 2462 sui
1142 2436 1282 2463 custodem
1306 2436 1448 2468 habuerit.
1475 2442 1502 2465 et
1523 2437 1584 2465 aliis
1606 2438 1719 2466 salutem

926 2486 1003 2506 suam
1025 2481 1086 2507 data
1109 2481 1222 2515 pecunia
1244 2481 1459 2515 redimentibus,
1478 2483 1555 2511 solus
1580 2485 1637 2519 ipse
1647 2485 1721 2512 acci-

926 2525 1025 2560 piendo
1048 2531 1133 2560 tutum
1158 2535 1187 2554 se
1212 2528 1349 2562 praestitit.
1370 2527 1573 2564 Philopolemus
1599 2530 1644 2566 [id
1665 2535 1718 2563 est,

926 2571 1030 2598 militia»
1045 2571 1150 2607 aniens]
1163 2578 1216 2606 est,
1229 2574 1274 2608 qui
1288 2573 1432 2601 utilitatem
1446 2576 1584 2602 securitati
1598 2575 1718 2610 praefert;

725 2652 845 2681 VARIIE
865 2654 1071 2683 LECTIONES.

101 2709 122 2746 f'
141 2708 344 2746 κεχειρωμένης
368 2709 404 2746 B.
426 2709 459 2746 7"
484 2709 537 2746 ὅτι]
559 2717 591 2746 (ι.Δ
615 2709 674 2746 57._
699 2709 895 2746 ³³νπεριστήσει
911 2721 941 2743 ς.
979 2711 1003 2727 ³⁵
1014 2710 1108 2738 ἔλυσεν
1123 2711 1144 2738 Α
1165 2712 1310 2740 εδιέλυσεν
1325 2722 1354 2745 ς.

83 2743 106 2760 ⁸⁸
121 2745 209 2778 σκηνῇ
224 2745 284 2770 add.
300 2743 332 2771 A.

83 2786 153 2814 »εἶτα
167 2779 206 2814 Δί
228 2812 234 2814 _
251 2778 273 2794 ⁸ο
287 2779 444 2814 θαυμαστόν
457 2781 490 2806 Δ.

84 2812 170 2848 δι’τῆς
187 2812 321 2848 Κελτικῆς
335 2812 388 2842 om.
405 2814 436 2842 Β.

85 2848 108 2864 ³⁸
119 2848 242 2875 ταὶ-αντα
253 2848 288 2875 τὰ
304 2849 387 2876 πολλά
401 2859 431 2882 ς.

1403 2713 1425 2750 ³ἕ
1441 2715 1455 2750 ᾇ
1479 2715 1532 2748 γάρ
1546 2715 1584 2741 A:
1599 2715 1666 2750 ὅπερ
1688 2725 1718 2749 ς.

382 2745 404 2765 ⁸⁷
419 2744 640 2786 άπαντλὸυιμιένου
659 2744 679 2772 Β
686 2744 925 2786 Ξ-ὰπαντλωμένου
941 2755 971 2778 ς.
984 2782 995 2786 _
1010 2747 1034 2786 ξ’
1050 2747 1143 2786 ελαίου
1156 2747 1248 2786 γεύσει
1267 2757 1297 2786 ς.
1377 2744 1539 2786 πιλὸότίητα
1550 2764 1587 2786 τ-
1604 2744 1719 2786 λιτίαρᾶ-

539 2780 560 2822 ξ¹
573 2780 675 2822 ὃτιι]1ε.,
762 2781 790 2822 ’ξ’
806 2780 1021 2822 σωφρονεῖν]
1037 2782 1066 2822 το
1080 2780 1189 2822 φρονεῖν
1203 2782 1251 2822 B._
1267 2783 1362 2822 :"§1l]
1374 2785 1460 2822 (21352.
1490 2780 1523 2822 7'“
1533 2780 1677 2822 ’ᾼριμίνου
1687 2795 1711 2818 ςτ

488 2815 512 2831 ⁸⁸
528 2815 557 2841 τὸ
575 2814 636 2849 μένῖ
654 2823 679 2842 c.
696 2816 723 2842 9.
760 2816 782 2835 ιτ
793 2814 963 2850 τὸνγενναῗον
986 2817 1036 2853 τῆς
1050 2814 1139 2853 ψυχῆς
1156 2827 1186 2850 ς.
1228 2818 1251 2838 ⁸⁸
1265 2818 1318 2851 ὅτι]
1344 2814 1369 2846 ὅ.
1398 2819 1441 2846 13.
1477 2821 1499 2839 δ’
1520 2814 1571 2855 μέν
1595 2814 1657 2851 add.
1683 2814 1711 2849 K4

480 2851 502 2867 ll
520 2849 684 2869 ninnium”.
707 2859 725 2869 ρ-
774 2851 795 2868 u
813 2851 892 2869 ..Αυηυ
909 2852 1009 2869 unum;
1023 2851 1054 2869 ἐν
1071 2852 1089 2869 n
1139 2854 1163 2869 η
1175 2853 1228 2869 κνῆ
1241 2858 1378 2869 Μυκη-...ιι
1409 2862 1422 2869 ι.
1450 2854 1467 2869 ο

520 2851 688 2877 πιστεύσωσι
707 2859 735 2883 ς.
774 2851 795 2868 ⁸¹
812 2851 892 2886 μόνον
908 2851 1012 2887 εὐμενῆ
1023 2851 1055 2878 ὲκ
1070 2851 1121 2879 Β.⁷’
1139 2854 1163 2870 ⁵³
1175 2853 1229 2885 ὃτι]
1241 2858 1392 2889 comparat.
1408 2862 1434 2882 c.
1450 2854 1477 2881 2.
