1923 3093
192 139 260 173 144⁸1

789 133 923 169 ΡΗΟΤῙῙ
941 135 1197 168 PATRIARCH/E
1213 136 1269 167 CP-

1765 134 1832 167 1448

190 196 340 233 polemicus
365 195 404 232 [id
418 200 462 224 est
477 193 613 230 militaria]
638 194 708 222 bello
730 193 873 229 possidens
902 199 982 220 secu-

1064 190 1113 224 τῆς
1131 189 1282 224 ἀσφαλείας
1298 188 1348 224 τὴν
1373 176 1532 221 πλεονεξίαν
1553 187 1707 224 προτιμῶν,
1719 188 1830 224 πολεμι-

194 245 301 271 ritatetn
307 263 314 271 .

474 287 496 315 E
514 287 627 316 Sertorii
652 286 722 314 i'ilu.

228 337 326 373 Agenti
356 335 481 364 Sertorio
507 335 532 362 in
563 334 691 368 Hispania
719 337 808 360 nautae
831 332 940 367 quidam
963 331 988 358 ei

191 387 351 415 occurrunt,
363 382 408 417 qui
422 389 506 416 nuper
517 389 550 408 ex
567 379 711 407 Atlanlieis
724 379 820 406 insulis
841 379 987 406 redierant.

195 431 257 457 Dum
281 433 346 456 sunt
369 427 464 455 insula:
479 427 576 454 stricto
588 425 734 453 admodum
755 424 825 452 freto
842 424 988 455 distinctas,

192 475 286 502 decem
315 474 466 500 stadiorum
503 472 623 498 millibus
655 471 690 498 ab
725 469 820 498 Africa
856 474 988 497 remotas:

193 521 349 554 caedent-que
369 518 464 546 insula:
483 517 627 544 Beatorutn
655 516 828 548 Fortunata,
852 515 988 543 dicuntur.

192 566 327 594 Imbribus
347 565 462 593 modicis
484 564 566 599 idque
585 571 648 591 raro
669 563 809 598 rigantur,
829 562 990 598 plerumque

193 613 300 641 lenibus
317 619 349 640 ac
362 611 476 638 roscidis
493 610 582 637 ventis
600 609 730 645 perﬂataa,
751 617 804 637 non
822 608 990 636 arationibus

194 659 274 686 modo
285 664 311 685 et
323 656 484 691 plautationi
502 656 621 683 fertilem
638 660 740 682 terram
755 654 887 690 prabent,
902 654 950 681 sed
964 657 992 681 et

194 705 266 732 ultro
281 704 374 738 fruges
387 703 527 730 ell‘undunt
537 722 545 735 ,
571 709 631 736 quae
646 709 693 728 sua
714 705 743 728 et
761 700 839 735 copia
855 704 883 727 et
897 700 991 727 dulce-

194 752 257 778 dine
268 750 403 778 suﬂiciant
415 748 449 776 ad
462 748 588 776 alendum
600 747 730 779 otiosum.
743 751 769 774 et
782 746 864 774 nullis
877 745 991 779 negotiis

195 796 315 823 deditum
329 795 468 830 populum.
487 794 541 821 Aer
557 793 684 821 innoxius
701 797 760 826 est,
788 792 907 827 annique
924 796 991 818 tem-

195 845 315 875 pestates
329 840 459 868 mediocri
477 840 629 867 tnutatione
640 839 675 866 iis
690 839 717 866 in
731 839 826 866 insulis
837 838 988 865 variantur.

196 886 303 914 Etenim
315 886 362 921 qui
373 893 469 913 versus
480 893 527 912 eas
543 889 634 920 partes
651 893 665 911 a
680 888 754 912 terra
768 884 892 911 feruntur
904 884 993 911 boreae

197 937 225 960 et
243 931 392 963 subsolani,
418 938 479 958 cum
497 932 524 958 in
549 936 655 958 vastum
680 930 716 958 ob
738 930 936 966 longitudinem
951 929 994 957 di-

196 979 303 1007 stantiae
316 978 439 1005 incidunt
452 978 551 1009 locum,
568 977 747 1010 dissipantur,
759 981 787 1004 et
799 980 945 1011 antequam
959 982 993 1003 eo

196 1023 380 1059 perferantur,
393 1022 552 1055 concidunt;
567 1021 648 1048 Cauri
663 1027 754 1049 autem
770 1026 798 1049 et
813 1021 929 1056 Zephyri
947 1020 995 1056 qui

197 1070 232 1097 ab
246 1070 300 1097 alto
316 1068 489 1097 circumflant
505 1068 616 1103 397a,
632 1068 738 1102 pluvias
763 1076 777 1094 a
792 1067 861 1095 mari
874 1069 995 1095 modicas

198 1122 328 1150 rarasque
346 1115 511 1148 infundunt,
527 1115 688 1149 plerumque
707 1113 842 1141 humectis
862 1114 995 1141 serenita-

199 1161 269 1188 tibus
296 1160 474 1196 refrigerant,
509 1160 666 1194 incolasque
697 1159 802 1195 placide
843 1161 928 1189 alunt.
956 1160 994 1188 Ita

197 1213 284 1239 usque
303 1206 336 1232 ad
356 1205 485 1232 barbaros
499 1205 583 1232 etiam
607 1209 736 1233 constans
755 1209 782 1232 et
802 1207 914 1239 probata
934 1214 996 1241 per-

197 1251 306 1278 crebuit
334 1251 436 1285 opinio,
462 1259 523 1279 esse
545 1251 598 1279 illis
618 1252 646 1279 in
676 1252 772 1280 insulis
797 1253 903 1289 Elysios
928 1254 995 1282 istos

196 1304 327 1332 Campos,
347 1302 376 1324 et
399 1298 554 1331 beatorum,
577 1305 659 1332 quam
683 1299 827 1333 descripsit
849 1298 993 1332 Homerus.

199 1342 407 1369 habitationem.
427 1341 474 1368 His
491 1343 524 1369 de
539 1341 620 1370 rebus
636 1347 666 1369 ut
680 1343 775 1370 auditu
790 1344 911 1378 percepit
929 1343 993 1371 Ser-

200 1388 298 1420 torius,
315 1387 446 1414 mirabilis
460 1395 522 1414 eutn
537 1387 638 1415 invasit
652 1395 730 1416 amor
740 1396 791 1416 eas
805 1389 907 1418 insulas
919 1390 994 1418 inco-

200 1433 284 1465 lendi,
314 1433 510 1469 tyrannidequc
537 1437 565 1460 et
592 1433 670 1461 bellis
699 1434 808 1462 cvitatis
833 1434 860 1462 in
880 1443 947 1470 pace
968 1441 995 1463 et

200 1479 292 1515 quiete
305 1478 421 1506 vivendi.
440 1479 539 1507 Verum
565 1479 685 1508 turbavit
707 1485 735 1507 et
760 1481 901 1516 dissipavit
922 1482 995 1509 hunc

1041 236 1089 268 κὸς
1103 235 1132 262 δὲ
1149 236 1164 262 ὁ
1179 235 1219 271 τῷ
1233 235 1347 270 πολέμῳ
1360 235 1500 270 κτώμενος
1515 235 1566 271 τὴν
1581 235 1744 270 ἀσφάλειαν.

1280 281 1333 309 Ἐκ
1347 282 1400 309 τοῦ
1419 282 1593 315 Σερτωρίου.
1685 312 1687 315 π

1077 327 1139 354 Ὅτι
1151 325 1174 344 ⁵⁸
1185 327 1363 363 διατρίϐοντι,
1375 327 1454 362 φησι,
1470 326 1614 362 Σερτωρίῳ
1631 327 1696 362 περὶ
1713 327 1834 362 Ἰϐηρίαν

1040 372 1137 400 ναῦταί
1151 381 1225 404 τινες
1245 372 1457 407 ἐντυγχάνουσιν
1474 372 1548 406 αὐτῷ
1567 373 1601 398 ἐκ
1617 372 1672 398 τῶν
1697 371 1835 398 Ἄτλαντι-

1041 418 1098 444 κῶν
1112 418 1202 453 νήσων
1224 417 1477 450 ἀναπεπλευκότες,
1492 417 1521 444 αἶ
1536 416 1582 444 δύο
1604 417 1654 452 μέν
1674 417 1729 443 εἱσι
1744 416 1835 452 λεπτῷ

1041 463 1202 491 παντάπασι
1227 463 1346 499 πορθμῷ
1370 462 1571 498 διαιρούμεναι,
1590 465 1706 499 μυρίους
1730 464 1760 491 δέ
1786 465 1836 491 ἀπ-

1041 509 1133 544 έχουσι
1148 509 1252 544 Λιϐύης
1269 509 1405 543 σταδίους,
1420 509 1468 536 καὶ
1484 509 1666 544 ὀνομάζονται
1681 511 1833 546 Μακάρων.

1043 555 1178 591 Ὄμϐροις
1192 555 1222 582 δέ
1233 557 1374 591 χρώμεναι
1390 555 1512 591 μετρίοις
1527 556 1657 589 σπανίως,
1673 558 1708 584 τά
1722 557 1834 584 πλεῖστα

1041 602 1180 636 πνεύμασι
1210 601 1344 636 μαλακοῖς
1370 603 1418 629 καὶ
1443 602 1612 638 δροσοϐόλοις
1642 604 1834 638 καταπνεόμε-

1041 647 1136 679 ναι,⁸¹,
1158 647 1188 674 οὺ
1208 648 1290 682 μόνον
1306 647 1390 683 ἀροῦν
1418 647 1466 674 καὶ
1478 647 1502 665 ³⁸
1518 648 1648 683 φυτεύειν
1670 650 1836 685 παρέχουσιν

1041 694 1148 729 ἀγαθὴν
1163 694 1211 721 καὶ
1226 695 1308 722 πίονα
1321 695 1425 730 χώραν,
1441 695 1510 723 ἀλλά
1528 696 1576 723 καὶ
1591 696 1699 732 καρπὸν
1711 697 1836 732 αὐτοφυῆ

1042 740 1183 776 φέρουσιν,
1198 740 1365 777 ἀποχρῶντα
1383 741 1482 777 πλήθει
1497 742 1544 769 καὶ
1558 742 1710 777 γλυκύτητι
1727 743 1837 777 βόσκειν

1042 787 1106 814 ἀνευ
1127 786 1218 813 πόνων
1244 787 1292 813 καὶ
1318 788 1512 823 πραγματείας
1539 788 1705 823 σχολάζοντα
1738 788 1836 823 δῆμον.

1050 832 1117 867 Ἀὴρ
1131 832 1160 858 δέ
1181 831 1285 863 ἀλυπος
1305 833 1387 867 ὡρῶν
1408 841 1440 860 τε
1463 833 1560 868 κράσει
1577 835 1599 851 ⁵⁷
1617 834 1664 861 καὶ
1685 835 1838 870 μεταϐολῆς

1046 879 1205 914 μετριότητι
1219 878 1243 894 ⁵⁸
1260 878 1372 914 κατέχει
1385 879 1436 911 τάς
1449 880 1560 915 νήσους.
1578 880 1656 916 [1201
1672 881 1721 918 3.]
1736 883 1770 908 οι
1784 883 1838 918 γὰρ

1044 917 1151 950 ἐνθένδέ
1164 923 1215 958 τῆς
1233 923 1287 958 γῆς
1309 923 1494 956 ἀποπνέοντες
1513 923 1566 957 ἔξω
1583 925 1682 960 Βορέαι
1703 917 1753 952 καὶ
1774 917 1839 952 me.

1043 968 1162 1003 ηλιῶται
1181 969 1226 995 διὰ
1244 968 1334 1004 μῆκος
1348 969 1512 1001 ἐκπεσόντες
1527 971 1567 1002 εἰς
1580 970 1662 998 τόπον
1675 971 1768 1006 ἀχανῆ
1780 971 1838 998 δια-

1047 1014 1206 1050 σπείρονται
1224 1014 1272 1041 καὶ
1289 1014 1538 1049 προαπολείπονσι’
1555 1015 1680 1049 πελάγιοι
1693 1016 1723 1043 δὲ
1742 1018 1840 1052 περιρ-

1046 1059 1155 1095 ῥέοντες
1185 1060 1332 1095 Ἀργέσται
1360 1060 1410 1087 καὶ
1441 1061 1558 1096 Ζέφυροι
1588 1061 1724 1097 βληχροὺς
1750 1063 1801 1098 μὲν
1816 1063 1839 1079 ¹⁹

1048 1105 1143 1138 ὑετοὺς
1159 1106 1206 1132 καὶ
1229 1105 1368 1141 σποράδας
1388 1107 1420 1133 ἐκ
1433 1106 1569 1142 θαλάττης
1589 1108 1750 1142 ἐπάγοντες,
1765 1109 1800 1136 τὰ
1812 1109 1841 1136 δέ

1047 1151 1134 1180 πολλά
1162 1154 1285 1188 νοτεραῖς
1311 1154 1434 1189 αἰθρίαις
1451 1155 1642 1190 ἐπιψύχοντες,
1661 1157 1750 1192 ἡσυχῇ
1780 1157 1841 1192 τρέ-

1046 1207 1152 1232 φουσιν.
1169 1198 1250 1225 Ὥστε
1268 1199 1351 1234 μέχρι
1373 1199 1427 1226 τῶν
1453 1200 1600 1237 βαρϐάρων
1620 1202 1730 1237 διῆχθαι
1748 1203 1840 1229 πίστιν

1049 1244 1165 1280 ίσχυράν
1176 1246 1272 1272 αὐτόθι
1282 1247 1314 1272 τὸ
1330 1245 1458 1274 Ἦλύσιον
1473 1244 1543 1274 εἶναι
1558 1248 1650 1274 πεδίον
1663 1249 1711 1275 καὶ
1726 1249 1778 1284 τὴν
1787 1249 1841 1276 τῶν

1046 1291 1215 1327 εὐδαιμόνων
1239 1292 1359 1329 οἴκησιν,
1375 1293 1410 1328 ἢν
1431 1294 1556 1329 Ὅμηρος
1580 1293 1697 1330 ὕμνησε.
1716 1295 1812 1322 Ταῦτα
1827 1297 1842 1322 ὁ

1046 1337 1199 1373 Σερτώριος
1218 1339 1340 1371 ἀκούσας
1357 1339 1447 1374 ἔρωτα
1461 1339 1619 1376 θαυμαστὸν
1636 1341 1715 1376 ἔσχεν
1730 1342 1840 1376 οἰκῆσαι

1045 1384 1095 1416 τὰς
1108 1385 1210 1420 νήσους
1231 1385 1277 1412 καὶ
1292 1385 1342 1421 ζῇν
1359 1386 1389 1412 ὲν
1406 1387 1517 1423 ἠσυχίᾳ,
1538 1387 1697 1422 τυραννίδος
1720 1389 1840 1416 ἀπαλλα-

1045 1433 1104 1466 γεὶς
1127 1435 1174 1460 καὶ
1195 1433 1323 1468 πολέμων
1338 1433 1499 1462 ἀπαύστων.
1515 1434 1594 1462 Ἀλλὰ
1608 1434 1780 1470 διεμάραναν
1798 1436 1841 1462 αὺ-

1046 1480 1094 1506 τοῦ
1121 1480 1169 1506 καὶ
1194 1479 1386 1515 περιέσπασαν
1412 1480 1459 1506 τδν
1474 1479 1563 1515 ἔρωτα
1581 1480 1598 1515 ἥ
1612 1489 1642 1507 τε
1665 1481 1775 1515 κίνησις
1788 1481 1841 1507 τῶν

201 1533 322 1553 amorem
345 1525 460 1552 Cilicum
484 1525 632 1558 adventus,
657 1530 686 1553 et
709 1533 841 1554 novorum
861 1527 994 1555 bellorum

1049 1526 1108 1561 μετ’
1133 1524 1217 1552 αὑτοῦ
1248 1525 1369 1552 Κιλίκων
1397 1526 1601 1562 ἐκταραχθεῖσα
1623 1528 1672 1555 καὶ
1700 1529 1842 1565 νεωτέρων

199 1573 409 1601 administratio.

235 1619 389 1646 Sertorium
416 1618 555 1646 memoria:
579 1619 714 1653 proditum
740 1623 783 1646 est
800 1639 808 1652 ,
825 1627 913 1655 neque
946 1627 994 1647 vo-

200 1664 309 1700 luptati,
331 1671 420 1699 neque
437 1663 519 1691 tnetui
541 1664 660 1691 obnoxio
683 1664 792 1699 ingenio
818 1664 901 1692 fuisse
922 1674 929 1692 :
952 1673 996 1693 na-

200 1716 262 1739 tura
283 1716 308 1738 el
320 1711 532 1745 imperterritum
545 1710 626 1737 rebus
638 1710 771 1743 advorsis,
782 1716 809 1738 et
818 1712 863 1746 qui
885 1719 929 1740 res
952 1719 996 1740 se-

203 1758 308 1786 cundas
327 1758 467 1785 moderate
481 1757 579 1790 ferret;
598 1757 732 1784 neminem
749 1764 782 1785 eo
801 1762 922 1792 tempore
945 1757 996 1785 du-

201 1812 264 1833 cem
289 1804 375 1840 magis
398 1808 492 1839 aperta
514 1803 606 1839 praelia
629 1804 752 1838 vitasse,
788 1803 994 1832 callidissimum

204 1859 271 1879 vero
294 1850 401 1878 furtivis
428 1849 490 1877 belli
516 1850 659 1884 operibus,
686 1850 713 1878 in
739 1851 904 1885 occupandis
929 1851 997 1879 locis

204 1904 302 1926 natura
318 1897 439 1930 munitis,
461 1902 490 1925 et
504 1896 664 1925 ﬂuminibus
682 1898 861 1933 trajiciendis,
882 1897 997 1933 aliisque

205 1944 233 1972 id
249 1951 333 1980 gentm
347 1943 429 1971 rebus
443 1950 502 1977 qua!
515 1943 665 1977 celeritate,
678 1943 789 1976 astutia,
811 1948 839 1971 et
853 1944 996 1972 mendacio

203 1990 397 2022 conliciuntur,
411 1989 601 2024 perliberalem
617 1990 642 2017 in
654 1990 774 2024 przemiis
784 1990 914 2017 virtutum
930 1998 995 2018 con-

205 2035 339 2067 ferendis,
360 2034 388 2061 in
410 2034 551 2069 suppliciis
573 2035 752 2062 moderatum.
774 2034 934 2070 Quanquam
948 2043 996 2063 ex-

207 2089 293 2111 tretno
308 2083 371 2110 vita:
383 2089 466 2109 curstt
482 2081 591 2108 videtur
602 2081 628 2108 id
639 2082 710 2116 quod
727 2081 754 2108 in
769 2081 879 2109 obsides
891 2082 997 2114 statuit,

205 2128 357 2155 ostendisse
368 2127 488 2154 animum
504 2126 563 2161 ejus
577 2134 629 2154 non
643 2134 708 2154 vere
719 2131 890 2154 mansuetum
904 2126 997 2159 fuisse,

206 2176 254 2202 sed
266 2174 454 2202 crudelitatem
465 2173 524 2208 ejus
535 2179 593 2202 arte
605 2174 720 2209 quadam
734 2174 906 2203 necessitatis
915 2183 997 2203 causa

1049 1571 1162 1607 φροντὶς
1177 1571 1327 1606 πολεμίων.

1086 1618 1178 1644 ’οτι⁶⁰
1203 1616 1311 1651 λέγεται
1342 1616 1447 1652 (φησιν)
1463 1618 1485 1634 ⁹¹
1504 1618 1682 1654 όΣερτώριος
1709 1620 1774 1647 οὔτε
1799 1620 1843 1655 ὑφ’

1049 1664 1145 1700 ἡδονῆς
1159 1663 1221 1690 οὔτε
1235 1663 1288 1690 ὑπὸ
1297 1663 1373 1695 δέους
1387 1663 1523 1696 εὐάλωτος
1532 1665 1672 1699 γενέσθαι,
1687 1667 1770 1700 φύσει
1782 1666 1811 1694 δὲ
1821 1667 1843 1683 ⁶¹

1049 1710 1239 1746 ἀνέκπληκτος
1256 1711 1331 1745 παρὰ
1340 1710 1364 1726 ⁸³
1374 1711 1407 1737 τὰ
1424 1711 1498 1738 δεινὰ
1514 1712 1562 1738 καὶ
1572 1711 1634 1748 [648
1641 1712 1689 1748 Η.]
1705 1713 1844 1749 μέτριος⁶⁵

1050 1758 1171 1793 ἐνεγκεῖν
1205 1757 1350 1792 εὐτυχίαν·
1375 1758 1483 1790 οὐδενὸς
1498 1759 1590 1793 μέντοι
1604 1759 1664 1786 οὐδὲ
1680 1760 1750 1795 πρὸς
1766 1760 1843 1787 εὐθυ-

1053 1805 1154 1840 μαχίαν
1181 1803 1363 1839 ἀτολμότερος
1376 1803 1431 1830 τῶν
1443 1804 1504 1831 καθ’
1518 1805 1614 1831 ἑαυτὸν
1626 1806 1782 1841 ἡγεμόνων,
1793 1807 1842 1833 ὅσα

1049 1851 1079 1878 δέ
1091 1850 1219 1882 κλοπείας
1230 1850 1252 1866 ⁸⁵
1269 1850 1299 1876 ἐν
1315 1849 1444 1884 πολέμοις
1459 1849 1529 1885 ἔργα
1545 1851 1593 1877 καὶ
1609 1850 1770 1884 πλεονεξίας
1781 1854 1843 1886 περὶ

1050 1897 1150 1928 τόπους
1180 1895 1296 1932 ὀχυροὺς
1317 1897 1366 1923 καὶ
1404 1896 1545 1928 διαϐάσεις
1579 1896 1678 1931 τάχους
1701 1896 1842 1931 δεομένας,

1052 1944 1159 1980 ἀπάτης
1171 1953 1200 1972 τε
1211 1945 1258 1972 καὶ
1272 1944 1378 1979 ψευδῶν
1392 1944 1422 1970 ὲν
1429 1943 1526 1976 δέοντι,
1539 1942 1669 1978 σοφιστὴς
1676 1942 1842 1973 δεινότατος.

1057 1990 1104 2017 'Ev
1119 1991 1147 2017 δὲ
1159 1992 1219 2023 ταῖς
1244 1992 1339 2027 τιμαῖς
1364 1990 1419 2017 τῶν
1447 1988 1703 2025 ἀνδραγαθημάτων
1730 1987 1845 2022 δαψιλὴς

1053 2037 1224 2073 φαινόμενος,
1239 2038 1303 2073 περὶ
1314 2037 1364 2069 τὰς
1378 2036 1516 2072 τιμωρίας
1528 2033 1673 2070 ἐμετρίαζε
1689 2034 1746 2060 τῶν
1755 2034 1845 2069 ἀμαρ-

1051 2085 1181 2118 τημάτων
1193 2091 1201 2099 ”
1220 2083 1310 2110 καίτοι
1325 2083 1400 2110 δοκεῖ
1415 2083 1480 2118 περὶ
1493 2082 1539 2109 τὸν
1554 2083 1667 2115 ἔσχατον
1684 2079 1770 2106 αὑτοῦ
1787 2079 1844 2114 βίον

1051 2129 1194 2164 ὠμότητός
1223 2137 1253 2155 τε
1260 2128 1283 2145 ⁸⁸
1294 2129 1342 2156 καὶ
1363 2127 1516 2163 βαρύτητος
1529 2126 1561 2153 τὸ
1573 2126 1638 2161 περὶ
1648 2125 1711 2156 τοὺς
1723 2125 1847 2160 ὁμήρους

1053 2175 1218 2210 προαχθέν⁶⁷
1245 2174 1325 2211 ἔργον
1353 2173 1486 2206 ἐπιδεῖξαι
1510 2172 1559 2208 τὴν
1588 2172 1669 2206 φύσιν
1682 2171 1734 2198 οὐκ
1765 2170 1848 2197 οὖσαν

206 2221 290 2248 fuisse
310 2220 436 2248 celatam.
451 2220 515 2246 Mihi
538 2223 628 2247 autem
650 2224 680 2247 ut
700 2227 792 2247 veram
810 2221 939 2248 virtutem
958 2228 994 2248 ra-

1053 2222 1166 2257 ἥμερον,
1197 2221 1255 2248 ἀλλ’
1277 2220 1452 2256 ἀπεχομένην
1462 2220 1484 2236 ⁸⁸
1499 2218 1624 2254 λογισμῷ
1637 2218 1682 2245 διὰ
1699 2215 1750 2253 την
1762 2217 1847 2251 ἀνάγ-

208 2269 336 2302 tioueque
351 2272 424 2294 recta
435 2266 594 2298 stabilitam,
613 2273 751 2300 nunquam
766 2266 872 2294 videtur
883 2266 1000 2294 fortunat

208 2315 249 2341 vis
274 2314 301 2340 iu
321 2313 488 2341 contrarium
516 2319 597 2347 posse
624 2317 801 2344 convertere,
827 2313 863 2340 ita
888 2313 1001 2341 consilia

207 2365 299 2387 tamen
313 2360 381 2387 alias
399 2364 474 2386 recta
495 2359 636 2393 bonasque
653 2362 764 2386 naturas
788 2359 896 2395 indigne
911 2360 1002 2395 gravi-

207 2405 258 2432 bus
274 2403 474 2431 calamitatibus
490 2403 614 2435 alllictas,
627 2410 680 2430 nun
698 2403 846 2431 absurdum
863 2410 928 2439 puto
941 2412 1000 2432 cre-

205 2451 273 2478 dere
288 2457 340 2477 uua
351 2458 412 2477 cuin
426 2449 534 2477 fortuna
551 2449 660 2476 mutari.
674 2449 701 2476 ld
717 2449 788 2485 quod
800 2457 850 2486 ego
863 2455 920 2478 tum
937 2450 1001 2479 Ser-

207 2497 280 2524 torio
299 2495 432 2524 accidisse
447 2499 528 2530 puto.
549 2495 606 2530 jam
622 2494 728 2522 fortuna
745 2503 807 2522 eum
823 2496 1000 2530 destiluente,

209 2543 346 2578 rebusque
374 2542 439 2576 ipsis
469 2546 660 2576 exasperatum
713 2541 828 2577 injurias
865 2543 1000 2571 malorum

208 2589 330 2618 atrocius
346 2589 432 2617 ultum
449 2589 578 2617 arbitror.

1055 2278 1117 2304 κην.
1136 2269 1213 2304 Ἐμοὶ
1225 2268 1247 2295 δ’
1261 2268 1363 2304 ἀρετὴν
1390 2267 1439 2303 μὲν
1453 2265 1589 2301 εἰλικρινῆ
1606 2265 1653 2292 καὶ
1683 2265 1757 2292 κατά
1769 2265 1849 2298 λόγον

1054 2314 1227 2341 συνεστῶσαν
1257 2314 1307 2341 οὐκ
1331 2313 1365 2340 ἄν
1378 2321 1443 2339 ποτε
1469 2312 1544 2338 δοκεῖ
1565 2311 1634 2347 τύχη
1647 2319 1689 2342 τις
1713 2312 1848 2345 ἐκστῆσαι

1055 2359 1123 2395 πρὸς
1146 2359 1301 2386 τούναντίον
1314 2367 1320 2373 ·
1351 2357 1439 2390 άλλως
1453 2358 1482 2384 δὲ
1493 2357 1668 2393 προαιρέσεις
1691 2357 1740 2383 καὶ
1753 2357 1850 2390 φύσεις

1055 2405 1178 2441 χρηστὰς
1205 2405 1258 2432 ὑπὸ
1273 2405 1422 2441 συμφορῶν
1438 2405 1565 2440 μεγάλων
1580 2403 1645 2439 παρ’
1659 2403 1740 2435 ἀξίαν
1756 2412 1850 2429 κακω-

1055 2451 1149 2483 θείσας
1173 2451 1224 2478 οὐκ
1248 2450 1380 2478 ἀδύνατον
1394 2450 1433 2486 τῷ
1446 2450 1554 2486 δαίμονι
1581 2448 1807 2484 συμμεταϐαλεῖν
1821 2448 1850 2474 τὸ

1053 2495 1136 2533 ﬂeor
1150 2497 1164 2524 δ
1182 2498 1230 2525 καὶ
1257 2496 1410 2534 Σερτώριον
1438 2495 1517 2532 οἶμαι
1532 2496 1640 2527 παθεῖν,
1657 2495 1710 2532 ἠδη
1725 2495 1777 2530 τῆς
1802 2494 1849 2521 τύ-

1056 2553 1106 2580 χης
1123 2544 1204 2571 αὑτὸν
1218 2544 1412 2580 ἐπιλειπούσης
1425 2545 1447 2561 ⁶⁹
1463 2543 1699 2580 ἐκτραχυνόμενον
1728 2541 1783 2568 ὑπὸ
1796 2541 1850 2568 τῶν

1055 2590 1228 2626 πραγμάτων
1244 2591 1292 2618 καὶ
1306 2591 1450 2626 γινόμενον
1461 2590 1580 2625 πονηρὸν
1595 2589 1618 2605 ⁷ο
1628 2588 1697 2625 πρὸς
1709 2589 1774 2620 τοὺς
1791 2588 1849 2615 ἀδι-

1054 2644 1180 2668 κουντας,

853 2705 968 2735 VARIIE
985 2706 1190 2736 LECTIONES.

225 2767 251 2788 ⁸⁸
263 2767 317 2803 ὅτι]
333 2775 358 2794 c.
370 2765 397 2795 8.
435 2766 457 2782 "
470 2765 687 2801 καταπνεόμεναι
703 2765 765 2793 add.
776 2765 808 2794 Β.
847 2767 870 2783 ¹⁶
885 2768 969 2804 ἀροῦν
981 2768 1051 2796 ἀλλά
1067 2768 1115 2795 καί
1132 2777 1161 2801 ς.

225 2801 274 2820 mi.
290 2812 310 2820 ρ.
358 2803 381 2818 ιο
396 2802 434 2820 3...
454 2803 469 2820 Δ
483 2809 490 2814 ο
506 2802 550 2820 ita:
564 2809 584 2820 ι-
649 2801 671 2816 ιι
685 2801 780 2820 ιηηηΙυΊ
796 2809 810 2820 ρ
838 2803 871 2820 ut
935 2805 957 2820 ιιι
971 2803 998 2820 xx
1026 2805 1039 2820 It
1062 2813 1068 2819 .
1085 2812 1113 2820 ...
1131 2813 1150 2820 .-

429 2811 436 2828 ι
452 2803 490 2828 A:
506 2803 550 2828 ὅτε
564 2809 594 2834 ς.
649 2803 671 2816 ⁵¹
685 2803 780 2836 φησίν]
796 2809 821 2829 c.
838 2803 880 2830 l0.
906 2803 910 2804 ⁷
935 2805 957 2820 ⁴¹²
971 2803 999 2831 δέ
1024 2805 1043 2830 Λ
1062 2813 1068 2831 :
1085 2812 1114 2831 τε
1131 2813 1161 2836 ς.
1212 2805 1235 2822 ⁸³
1258 2803 1333 2838 παρά
1356 2805 1395 2832 A:
1410 2803 1476 2839 περι
1489 2813 1520 2837 ς.
1573 2804 1596 2820 ⁸⁸
1610 2804 1656 2829 καὶ
1675 2812 1688 2839 μ

426 2837 458 2875 ‘1
468 2836 626 2875 κλοπίαςς.
661 2837 684 2852 ⁸⁸
699 2845 728 2863 τε
745 2837 807 2875 add.
821 2837 855 2866 Α.
894 2839 917 2859 0⁷
935 2838 1057 2875 πραχθέν
1071 2847 1101 2872 ς.
1140 2839 1163 2859 ⁸⁸
1177 2839 1345 2875 ὲπεχομένην
1359 2839 1389 2867 Β.
1425 2840 1447 2857 ⁶⁹
1461 2839 1641 2874 ἐπιλιπούσης
1656 2839 1688 2866 Δ.

209 2801 274 2838 ρούς
290 2801 320 2835 gi
358 2803 381 2818 "
396 2802 436 2838 ὅτι
452 2803 491 2838 At
506 2802 550 2838 ὅτε
564 2809 594 2834 ς.

210 2838 329 2872 μετρίως
345 2845 374 2870 ς’.

210 2871 292 2908 μενον
307 2872 426 2908 πονηρὸν
440 2871 478 2900 B:
499 2871 642 2908 γινομένου
656 2871 775 2907 πονηροῦ
792 2880 822 2904 ς’.

649 2801 671 2816 ⁵⁸
685 2801 780 2836 φησίν]
796 2809 821 2829 c.
838 2803 880 2830 10.

1214 2768 1237 2785 ⁵⁷
1255 2769 1354 2804 κρᾶσις
1396 2768 1420 2785 ⁵³
1437 2768 1582 2804 μετριότης
1597 2767 1627 2796 Β.
1665 2767 1688 2784 ⁸’
1704 2768 1753 2795 καὶ
1770 2768 1850 2803 βληχ-

1062 2813 1068 2831 :
1085 2812 1114 2831 τε
1131 2813 1161 2836 ς.
1212 2805 1235 2822 ⁸³
1258 2803 1333 2838 παρά
1356 2805 1395 2832 A:
1410 2803 1476 2839 περί
1489 2813 1520 2837 ς.
1573 2804 1596 2820 ⁸⁸
1610 2804 1656 2829 καὶ
1675 2803 1788 2839 μέτριος
1802 2804 1824 2831 Δ
1842 2811 1848 2830 :

1071 2847 1101 2872 ς.
1140 2839 1163 2859 ⁸⁸
1177 2839 1345 2874 ὲπεχομένην
1359 2839 1389 2867 Β.
1425 2840 1447 2857 ⁸⁸
1461 2839 1641 2874 ἐπιλιπούσης
1656 2839 1688 2866 Δ.
1741 2839 1765 2856 ⁷⁸
1776 2847 1850 2874 1w.-
