1923 3093
229 125 294 159 1ί51

792 127 922 158 ΡΠΟΤΙΙ
941 126 1190 158 PATRIARClI/E
1209 128 1260 160 (ΣΡ.

1785 128 1848 160 1452

227 183 343 217 ridebat,
365 190 425 218 quae
444 190 487 211 res
503 182 542 211 illi
561 183 682 210 maximo
703 183 753 211 l‘uit
768 183 849 211 malo.
875 184 927 217 Qui
939 183 1008 211 enim

1064 182 1233 217 ἀντισκῶψαι
1259 183 1313 219 γὰρ
1333 182 1397 218 ἐξῆν
1406 183 1428 199 ³³
1445 183 1491 210 καὶ
1518 182 1690 218 ἀνθυϐρίσαι,
1707 185 1756 211 καὶ
1768 185 1850 218 γελώ-

227 229 313 257 libere
332 235 425 257 secum
446 229 612 264 iocarentur,
631 228 731 264 398a
765 230 800 257 ab
822 229 863 256 eis
881 229 952 257 serio
972 228 1014 256 lo-

228 274 374 308 quentibus
386 280 555 309 nequaquam
583 274 697 308 putabat
719 274 769 302 sibi
780 274 882 301 adulari
897 282 905 301 :
921 274 1014 309 itaque

228 319 362 347 laudando
377 319 456 348 facile
471 320 667 354 decipiebatur.
684 320 744 348 Non
759 321 832 348 enim
848 320 1014 354 intelligebat

229 372 301 399 esse,
317 366 363 400 qui
379 366 527 394 adulationi
548 366 701 394 libertatem
717 366 800 394 veluti
819 365 1012 394 subausterum

229 412 429 439 condimentum
446 411 640 444 admiscerent,
655 419 710 447 quo
724 415 856 446 protervas
873 411 946 438 inter
963 418 1013 445 po-

227 457 287 485 cula
307 457 462 492 loquacitati
491 457 599 486 mdium
622 462 651 486 et
673 457 826 486 satietatem
846 457 1012 489 dimoveaut,

227 503 306 537 idque
319 508 531 538 consequantur,
545 507 576 531 ut
589 508 759 532 assentantes
777 507 806 531 et
817 504 1011 537 concedentes,

226 548 334 582 quoties
355 548 389 576 de
407 555 436 576 re
455 549 529 584 gravi
551 555 641 577 sermo
663 549 806 581 incideret,
822 557 874 577 non
895 548 1012 584 gratiam

227 599 347 630 captare,
363 594 408 622 sed
423 594 564 630 prudentia
579 594 722 623 inferiores
736 595 890 623 videantur.

490 683 532 711 ΕΞ
550 683 649 719 Pyrrhi
672 683 745 712 Vita.

261 728 322 755 Fuit
335 728 456 764 Pyrrhus
472 730 544 757 vultu
559 731 634 765 regio
648 731 770 765 quidem,
787 730 833 757 sed
851 730 1011 758 tcrribiliore

225 781 306 808 quam
326 775 531 802 venerabiliore.
546 775 603 802 Non
616 775 710 803 habuit
723 777 822 804 multos
841 777 946 808 dentes,
963 776 1011 803 sed

224 827 306 855 supra
320 824 379 848 erat
392 827 474 848 unum
489 828 521 848 os
533 820 702 854 continuum,
718 821 745 848 in
760 827 814 855 quo
831 821 951 848 dentium
965 821 1008 848 iu-

225 866 336 894 tervalla
352 866 477 894 tenuibus
490 866 571 894 veluti
586 866 670 894 sulcis
686 867 887 894 detinebantur.
904 867 925 894 E
939 866 1009 894 liene

224 910 408 939 laborantibus
429 911 543 939 salutem
562 911 658 939 aﬂ'erre
671 912 849 944 credebatur,
873 914 895 939 si
909 912 1008 948 gallum

224 956 313 984 album
332 962 469 988 mactans,
489 957 624 991 supinatis
643 957 697 984 illis
718 957 815 984 dextro
829 957 895 992 pede
913 957 1010 986 leviter

224 1001 327 1030 viscera
338 1006 485 1036 premeret,
496 1009 584 1036 neque
597 1001 649 1030 fuit
663 1003 807 1037 quisquam
831 1003 869 1030 ita
885 1002 925 1031 vel
943 1010 1009 1038 pau-

225 1055 273 1083 per
285 1047 328 1075 vel
343 1047 415 1080 vilis,
430 1047 472 1075 cui
486 1052 596 1082 rogatus
607 1055 668 1076 eam
681 1047 843 1076 medicinam
858 1048 949 1077 facere
960 1050 1009 1076 de-

224 1093 396 1128 dignaretur;
415 1093 513 1129 gallum
534 1093 592 1129 ipse
611 1093 731 1130 Pyrrhus
758 1094 908 1129 accipiebat
928 1099 1010 1129 atque

224 1139 391 1173 immolabat,
407 1140 494 1174 iisque
507 1140 533 1167 ei
546 1143 603 1167 erat
615 1140 701 1168 honor
719 1140 902 1176 gratissimus.
920 1140 953 1167 Et
970 1139 1009 1167 le-

225 1189 286 1211 runt
309 1184 384 1218 pedis
408 1186 467 1219 ejus
495 1184 618 1219 pollicem
645 1185 699 1212 vim
722 1184 841 1212 divinam
870 1184 1008 1219 habuisse,

223 1235 303 1264 atque
319 1230 399 1257 etiam
421 1234 543 1257 cremato
563 1234 626 1264 post
648 1233 764 1257 mortem
783 1237 915 1265 corpore,
938 1230 1008 1258 hunc

225 1275 336 1303 illaesum
353 1275 537 1309 intactumque
551 1275 585 1302 ab
601 1275 662 1308 igne
675 1274 759 1303 fuisse
772 1279 923 1309 repertum.

499 1405 541 1432 Ex
561 1404 640 1432 Marii
651 1402 734 1432 ,Vita.

260 1450 343 1478 Mario
365 1455 393 1479 et
415 1451 603 1485 temperantiae
623 1457 655 1478 ac
679 1449 828 1478 tolerantiae
853 1449 1005 1478 testimonin

1065 232 1144 262 μενος
1159 228 1176 263 ἦ
1194 228 1280 262 γελῶν
1306 229 1410 264 ἔχαιρε.
1439 229 1494 255 Καὶ
1515 228 1595 255 τοῦτο
1617 228 1798 264 διελυμήνατο
1815 231 1848 256 τὰ

1062 272 1148 300 πολλὰ
1172 273 1227 300 τῶν
1250 275 1421 309 πραγμάτων
1436 282 1443 290 ·
1463 273 1528 305 τοὺς
1552 273 1607 309 γὰρ
1634 273 1664 301 ὲν
1682 274 1722 309 τῷ
1744 275 1849 307 παίζειν

1063 320 1335 357 παρρησιαζομένους
1362 320 1414 347 οὐκ
1429 319 1462 347 ἂν
1487 319 1591 354 οἰηθεὶς
1617 320 1820 353 σπουδάζοντας
1829 321 1851 336 θ’

1062 365 1220 393 κολακεύειν
1227 365 1320 397 αὐτὸν,
1334 364 1463 400 ἡλίσκετο
1478 365 1576 400 ῥᾳδίως
1590 365 1643 392 ὑπὸ
1650 365 1706 392 τῶν
1720 366 1850 398 ἐπαίνων,

1063 410 1170 445 ἀγνοῶν
1195 411 1237 438 δτι
1264 410 1314 446 τὴν
1352 411 1510 446 παρρησίαν
1541 411 1613 442 τινὲς
1636 411 1674 443 ὡς
1697 412 1852 447 ύποστύφον

1061 455 1171 491 ἥδυσμα
1195 456 1229 491 τῇ
1257 455 1388 490 κολακείᾳ
1420 455 1642 489 παραμιγνύντες
1671 457 1798 492 ἀφῄρουν
1823 458 1852 482 τ),

1061 499 1211 536 πλήσμιον,
1222 501 1255 536 τῇ
1268 500 1344 537 παρὰ
1359 500 1409 537 τὴν
1430 501 1529 528 κύλικα
1544 501 1693 537 θρασύτητι
1715 503 1764 529 καὶ
1776 503 1852 536 λα).ιᾷ

1060 545 1297 581 διαμηχανώμενοι
1318 545 1368 581 τὴν
1397 546 1452 572 τῶν
1481 547 1653 582 πραγμάτων
1685 547 1784 582 ὕφεσιν
1807 551 1850 576 καὶ

1062 590 1271 624 συγκατάθεσιν,
1289 590 1326 623 ὡς
1340 591 1378 626 μὴ
1400 590 1469 626 πρὸς
1481 592 1573 628 ,χάριν
1590 593 1707 628 ὁμιλεῖν,
1732 594 1802 621 ἀλλὰ
1815 596 1851 629 τῷ

1061 636 1172 671 φρονεῖν
1186 636 1348 672 ἡττωμένων
1359 636 1512 671 φαίνεσθαι.

1269 694 1277 702 ί
1325 682 1375 709 Ἐκ
1388 683 1441 710 τοῦ
1457 684 1586 718 Πύρῤου.

1097 726 1191 752 ὐτιη
1205 726 1326 762 Πύρρος,
1343 728 1420 762 φησι,
1435 729 1469 763 τῇ
1486 729 1535 764 μὲν
1563 728 1619 764 ἰδέᾳ
1636 729 1683 756 τοῦ
1704 731 1849 766 προσώπου

1061 771 1249 806 φοϐερώτερον
1257 772 1280 787 ⁵⁵
1289 769 1323 807 ἢν
1335 771 1404 807 ἔχων
1412 773 1435 788 ’⁷
1447 773 1464 808 ἢ
1471 773 1632 808 σεμνότερον
1647 775 1693 801 καὶ
1702 775 1850 809 βασιλικώ-

1061 826 1150 852 τερον,
1158 817 1181 833 ⁹⁰
1194 817 1307 850 πολλοὺς
1316 818 1344 845 δὲ
1358 819 1465 850 ὀδόντας
1475 820 1525 846 οὐκ
1539 817 1622 855 εἶχεν,
1637 822 1695 848 ἀλλ’
1707 822 1738 849 ἒν
1753 823 1850 850 ὀστοῦν

1060 863 1173 898 συνεχὲς
1187 860 1232 899 ἦν,
1250 863 1353 891 ἄνωθεν
1377 863 1433 892 οἷον
1458 865 1572 898 λεπταῖς
1589 867 1710 902 ἀμυχαῖς
1725 869 1777 900 τὰς
1793 870 1851 896 δια-

1059 909 1129 943 φυὰς
1145 909 1418 945 ὑπογεγραμμένονη
1432 910 1486 937 τῶν
1508 911 1630 940 ὀδόντων,
1645 914 1707 946 Τοῖς
1719 914 1749 941 δὲ
1761 915 1833 950 σπλη
1843 931 1849 935 -

1059 954 1151 982 νιῶσιν
1178 955 1265 982 ἐδόκει
1305 955 1414 990 βοηθεῖν
1441 957 1610 992 ἀλεκτρυόνα
1639 959 1710 986 θύων
1737 960 1851 995 λευκὸν,

1059 1000 1162 1026 ὑπτίων
1189 1008 1220 1027 τε
1242 1001 1449 1036 κατακειμένων
1477 1003 1518 1036 τῷ
1550 1003 1630 1039 δεξιῷ
1655 1005 1717 1032 ποδὶ
1746 1008 1849 1038 πιέζων

1058 1045 1165 1080 ἀτρέμα
1176 1045 1206 1072 τὸ
1219 1045 1381 1081 σπλάγχνον.
1409 1047 1503 1079 Οὐδεὶς
1514 1048 1536 1074 δ’
1558 1046 1593 1084 ἦν
1608 1049 1693 1085 πένης
1707 1050 1771 1078 οὔτε
1790 1053 1847 1079 ἁδο-

1059 1089 1103 1122 ξος
1126 1089 1213 1122 οὕτως
1234 1089 1305 1117 ὥστε
1334 1091 1372 1127 μὴ
1394 1093 1486 1127 τυχεῖν
1507 1093 1556 1127 τῆς
1590 1094 1712 1130 ἰατρείας
1731 1096 1849 1131 δεηθείς.

1065 1134 1215 1169 Ἐλάμϐανε
1226 1134 1254 1161 δὲ
1268 1135 1370 1162 καὶτὸν
1385 1136 1549 1172 ἀλεκτρυόνα
1560 1137 1708 1171 θύσας.καὶ
1721 1141 1753 1167 τὺ
1766 1142 1849 1176 γέρας

1058 1180 1136 1206 τοῦτο
1151 1180 1257 1216 ἥδιστον
1270 1178 1304 1216 ἦν
1316 1181 1400 1216 αὐτῷ.
1417 1182 1533 1216 Λέγεται
1549 1183 1578 1210 δὲ
1589 1184 1636 1211 τοῦ
1652 1185 1731 1217 ποδὸς
1745 1187 1850 1213 ἐκείνου

1058 1225 1104 1251 τὸν
1135 1226 1246 1260 μείζονα
1261 1226 1391 1253 δάκτυλον
1419 1226 1491 1262 ἐχειν
1522 1227 1655 1264 δύναμιν¹
1671 1230 1750 1263 ἰδίαν,
1779 1232 1850 1258 ὥστε

1060 1270 1129 1304 μετὰ
1169 1271 1219 1306 τὴν
1252 1271 1382 1308 τελευτὴν
1407 1273 1455 1299 τοῦ
1483 1273 1576 1301 λοιποῦ
1610 1275 1736 1310 σώματος
1767 1287 1851 1304 κατα-

1058 1317 1171 1345 καέντος
1184 1316 1277 1344 annos
1293 1317 1341 1344 καὶ
1357 1317 1486 1346 ἀθικτον¹
1497 1320 1549 1346 one
1569 1321 1616 1347 τοῦ
1631 1322 1717 1357 πυρὸς
1735 1323 1850 1359 εὗρεοῇ-

1061 1372 1114 1390 ναι.

1310 1425 1314 1438 l
1329 1411 1372 1438 Εκ
1390 1411 1444 1438 τοῦ
1460 1412 1585 1446 Μαρίου.

1095 1456 1174 1484 Ὀτι³
1189 1455 1228 1490 τῷ
1240 1456 1339 1492 Μαρίῳ
1352 1456 1444 1492 (φησὶ)
1465 1458 1511 1484 καὶ
1525 1459 1700 1494 σωφροσύνην
1721 1461 1770 1487 καὶ
1785 1470 1850 1498 καρ-

225 1497 418 1531 perhibeutur;
432 1501 459 1524 et
474 1495 554 1531 hujus
569 1495 677 1531 quidem
693 1495 821 1523 iudicium
836 1500 934 1524 exstat.
953 1495 1005 1522 Va-

1062 1500 1150 1536 τερίαν
1167 1501 1362 1536 μαρτυροῦσιν,
1373 1499 1406 1537 ἧς
1424 1501 1521 1537 δεῖγμα
1538 1502 1601 1538 [650
1618 1504 1664 1539 H.|
1679 1505 1768 1532 καὶτὸ
1785 1495 1851 1541 περὶ

225 1542 326 1569 ricibus
344 1542 415 1569 enim
430 1542 532 1576 magnis
548 1549 609 1569 cum
627 1547 770 1576 utrumque
783 1542 840 1577 ejus
857 1549 918 1569 crus
933 1541 1008 1568 labo-

223 1593 307 1621 raret,
320 1587 520 1615 delormitatem
535 1594 606 1622 aegre
626 1587 717 1615 l‘erens
728 1607 735 1620 ,
758 1587 891 1614 medicum
913 1593 1008 1614 accer-

222 1633 300 1665 sivit,
320 1634 401 1668 eique
420 1641 473 1661 non
494 1633 591 1668 ligatus
606 1640 670 1660 crus
687 1633 801 1659 alterum
820 1632 950 1668 praebuit,
976 1640 1008 1659 ac

224 1678 289 1704 nihil
302 1678 360 1712 ipse
373 1682 469 1709 motus,
488 1678 562 1705 nullo
573 1678 645 1706 edito
659 1678 772 1712 gemitu,
784 1679 918 1705 constanti
932 1678 1007 1705 vultu

225 1725 321 1751 tacitus
334 1723 508 1751 incredibiles
522 1729 637 1751 sectura:
653 1723 759 1751 dolores
774 1724 900 1758 pertulit;
916 1726 949 1752 ad
969 1724 1009 1751 al-

224 1774 309 1796 terum
328 1774 485 1796 transeunte
501 1769 616 1801 tnedico,
634 1776 687 1796 non
700 1769 839 1801 sustinuit,
859 1771 1007 1798 remedium

223 1815 274 1841 hoc
294 1821 347 1841 non
367 1815 476 1849 (lignum
496 1822 556 1842 esse
581 1815 722 1847 iuouiens,
740 1815 815 1849 cujus
836 1822 917 1842 causa
941 1815 1008 1843 tanti

223 1860 361 1888 cruciatus
380 1860 572 1889 tolerarentur.

208 1948 211 1949 ν
256 1960 355 1987 llarius
372 1967 403 1986 ex
418 1958 508 1986 Africa
534 1965 595 1986 cum
625 1959 746 1987 exercitu
774 1965 946 1987 transvectus
975 1965 1002 1987 et

221 2005 389 2034 consulatum
406 2005 521 2039 accepit,
547 2009 575 2033 et
598 2005 764 2039 triumphum
795 2005 882 2038 duxit,
902 2004 1001 2040 Jugur-

223 2052 296 2078 tham
312 2052 448 2086 captivqu
476 2051 636 2078 incredibile
666 2052 795 2078 Romanis
817 2052 1004 2086 spectaculum

220 2097 363 2129 exhibens,
380 2104 434 2131 quo
453 2096 513 2124 vivo
530 2097 669 2123 victoriam
690 2096 724 2123 de
739 2097 862 2124 hostibus
877 2104 957 2124 nemo
973 2103 1007 2124 ne

219 2145 356 2175 sperasset
371 2141 482 2174 quidem
503 2149 509 2167 :
545 2140 613 2166 adeo
628 2140 661 2166 ad
675 2147 782 2167 omnem
812 2139 949 2166 fortunam
975 2147 1006 2167 se

1058 1547 1107 1581 τὴν
1119 1545 1200 1582 [1205
1224 1545 1271 1582 IL]
1294 1547 1470 1582 χειρουργίαν
1497 1548 1581 1575 ἐστίν.
1612 1548 1685 1582 Ἰξῶν
1709 1551 1763 1587 γὰρ
1786 1553 1854 1579 ἀνά-

1058 1593 1147 1624 πλεως
1164 1592 1246 1627 ἄμφω
1259 1592 1293 1619 τὰ
1309 1593 1392 1628 σκέλη
1412 1594 1532 1627 γεγονὼς
1560 1595 1607 1621 καὶ
1624 1595 1673 1631 τὴν
1704 1597 1848 1632 ἀμορφίαν

1058 1635 1238 1671 δυσχεραίνων
1253 1635 1324 1670 ἔγνω
1349 1639 1500 1672 παρασχεῖν
1515 1637 1620 1665 ἑαυτόν.
1637 1640 1693 1666 Καὶ
1709 1643 1850 1677 παρέσχεν

1058 1679 1150 1712 ἄδετος
1163 1680 1275 1715 θάτερον
1292 1681 1386 1713 σκέλος
1403 1682 1463 1708 οὐδὲ
1476 1682 1608 1717 κινηθεὶς,
1625 1684 1686 1711 οὐδὲ
1702 1687 1848 1720 στενάξας,

1058 1726 1126 1753 ἀλλὰ
1136 1726 1286 1753 καθεστῶτι
1297 1726 1336 1761 τῷ
1345 1726 1483 1762 προσώπῳ
1501 1729 1548 1754 καὶ
1563 1729 1630 1763 μετὰ
1645 1732 1750 1766 σιωπῆς
1765 1733 1852 1767 ὑπερ-

1060 1771 1156 1802 ϐολάςδ
1167 1779 1243 1803 τινας
1267 1771 1422 1806 ἀλγηδόνων
1441 1772 1488 1798 ἐπὶ
1516 1774 1577 1805 ταῖς
1588 1777 1685 1808 τομαῖς
1696 1776 1851 1812 άνασχόμε-

1058 1826 1112 1849 νος.
1129 1817 1182 1843 Τοῦ
1204 1817 1232 1843 δὲ
1258 1817 1350 1852 ἰατροῦ
1380 1818 1522 1853 μετιόντος
1549 1820 1595 1847 ἐπὶ
1620 1821 1734 1857 θάτερον
1757 1824 1850 1851 οὐκέτι

1059 1863 1191 1898 παρέσχε,
1205 1864 1293 1899 φήσας
1309 1863 1374 1899 ὁρᾷν
1388 1863 1419 1890 τὸ
1433 1864 1617 1901 ἐπανόρθωμα
1636 1867 1684 1902 τῆς
1703 1868 1852 1905 ἀλγηδόνος

1058 1908 1108 1935 οὐκ
1122 1909 1206 1942 ἄξιον.

1094 1953 1155 1981 Ὀτι
1165 1955 1175 1970 ⁸
1191 1954 1295 1989 Μάριος
1312 1954 1344 1980 ὲκ
1358 1953 1461 1988 Λιϐύης
1478 1955 1548 1989 μετὰ
1562 1956 1608 1982 τοῦ
1620 1957 1630 1972 ⁶
1643 1959 1852 1994 στρατεύματος

1057 1999 1249 2034 ἀνακομισθεὶς
1264 2001 1313 2035 τήν
1324 2008 1353 2025 τε
1365 2000 1497 2027 ὑπατείαν
1508 2002 1622 2029 ἀνέλαὸε
1633 2005 1738 2031 καὶτὸν
1749 2006 1852 2041 θρίαμ-

1057 2044 1103 2070 ϐον
1129 2045 1281 2079 εἰσήλασεν,
1305 2046 1419 2072 ἄπιστον
1443 2047 1647 2082 ἐπιδειξάμενος
1673 2050 1765 2086 θέαμα
1782 2052 1851 2078 Ῥω-

1058 2089 1158 2124 μαίοις,
1181 2090 1351 2125 Ἰουγούρθαν
1379 2094 1563 2128 αἰχμάλωτον,
1579 2091 1610 2120 οὗ
1628 2095 1730 2127 ζῶντος
1747 2097 1804 2123 οὐδ’
1816 2098 1851 2124 ἂν

1056 2133 1096 2167 εἷς
1106 2136 1204 2171 ἠλπισε
1220 2137 1357 2172 πολεμίων
1371 2140 1529 2175 κρατήσειν·
1547 2140 1633 2172 οὓτως
1648 2141 1658 2155 ⁷
1677 2139 1712 2176 ἦν
1724 2143 1850 2174 ποικίλος

222 2185 424 2213 accommodare
430 2183 554 2216 callidus,
563 2185 668 2211 astutia:
676 2192 777 2219 magnae
784 2185 927 2212 admistam
935 2185 1001 2213 fero-

1062 2181 1124 2216 ὶνὴρ
1136 2181 1228 2217 τύχαις
1239 2182 1376 2218 ὁμιλῆσαι,
1388 2185 1435 2211 καὶ
1447 2185 1600 2220 πανουργίᾳ.
1609 2185 1693 2222 πολλῇ
1707 2196 1742 2221 με
1747 2189 1851 2223 μιγμέ-

221 2232 290 2258 ciam
311 2230 438 2258 habebat.
460 2229 488 2256 lu
507 2229 643 2264 triumpho
658 2236 788 2264 praeterea
807 2230 880 2257 illata
892 2235 1005 2258 narrant

221 2276 279 2302 auri
296 2280 337 2302 ter
352 2274 424 2302 mille
439 2281 471 2301 ac
488 2278 590 2308 septem
603 2276 702 2308 pondo,
719 2275 824 2309 argenti
839 2282 893 2301 non
905 2274 1004 2309 signati

222 2319 365 2355 quinquies
389 2319 473 2346 millia
503 2318 566 2351 775,
593 2319 692 2354 signati
725 2319 779 2347 287
806 2319 890 2347 millia
921 2320 1004 2347 dena-

221 2367 300 2393 rium.

257 2413 463 2441 Solentmllites
476 2413 637 2445 laboriosos,
656 2413 758 2447 quique
790 2411 865 2440 taciti
882 2416 1007 2448 prompte

221 2458 319 2494 3981)
346 2459 478 2493 imperata
492 2458 605 2490 faciunt,
623 2458 708 2484 mulos
723 2457 861 2484 Marianos
872 2457 1008 2492 appellare

221 2509 290 2538 (erat
306 2504 378 2531 enim
394 2503 494 2531 Marius
519 2502 759 2536 iudciatigahilis),
784 2503 857 2537 quod
886 2511 934 2530 sua
954 2503 1004 2537 ipsi

222 2550 351 2581 facerent,
367 2554 394 2576 et
419 2557 480 2576 cum
498 2549 547 2576 hac
572 2549 598 2576 in
620 2556 649 2576 re
676 2549 858 2575 imitarentur.
891 2548 1004 2581 Quidam

220 2597 284 2631 quia
301 2595 400 2623 Marius
425 2596 488 2623 olim
517 2595 567 2623 sub
595 2594 724 2630 Scipione
752 2595 873 2622 militans
895 2595 1005 2622 curiose

1057 2235 1102 2254 νον
1116 2228 1184 2262 ἔχων
1199 2228 1228 2254 τὸ
1242 2227 1392 2263 θυμοειδές.
1408 2229 1454 2256 Ἐν
1466 2230 1494 2256 δὲ
1505 2230 1544 2265 τῷ
1561 2231 1690 2267 θριάμϐῳ
1711 2234 1850 2267 κομισθῆ-

1058 2283 1103 2300 ναι
1115 2273 1223 2308 λέγουσι
1232 2275 1362 2310 χρυσίουδ
1373 2275 1422 2310 μὲν
1433 2275 1503 2302 ἑπτὰ
1515 2277 1561 2303 καὶ
1575 2277 1728 2312 τρισχιλίας
1741 2278 1849 2314 λίτρας.

1058 2321 1181 2357 ἀργύρου
1195 2321 1223 2347 δὲ
1238 2320 1345 2357 ἀσήμου
1361 2320 1450 2356 ,εψοε’,
1471 2321 1636 2358 νομίσματος
1651 2324 1680 2350 δὲ
1700 2324 1850 2360 δραχμὰς⁹

1060 2366 1083 2398 ζ,
1095 2366 1140 2392 ἐπὶ
1157 2367 1285 2402 μυριάσιν
1300 2369 1324 2402 η’
1338 2367 1385 2393 καὶ
1398 2369 1432 2393 κ’.

1097 2413 1187 2439 “On”
1200 2414 1263 2445 τοὺς
1291 2412 1451 2447 φιλοπόνους
1468 2414 1515 2441 καὶ
1542 2415 1630 2450 σιωπῇ
1647 2416 1706 2449 μετ’
1722 2417 1852 2449 εὒκολίας

1058 2457 1094 2484 τὰ
1110 2457 1334 2492 προστασσόμενα
1362 2458 1530 2494 πράττοντας
1550 2458 1677 2495 (ἄτρυτος
1704 2462 1762 2497 γὰρ
1783 2461 1818 2498 ἦν
1838 2464 1852 2488 ὁ

1058 2503 1163 2539 Μάριος
1185 2503 1232 2530 καὶ
1257 2504 1417 2539 αὐτουργεῖν
1442 2504 1476 2531 τὰ
1499 2504 1595 2537 πολλὰ,
1625 2506 1673 2532 καὶ
1705 2510 1852 2545 μιμεῖσθαι

1058 2547 1193 2575 διδάσκειν
1211 2548 1293 2575 αὐτὸν
1315 2548 1364 2575 καὶ
1380 2548 1571 2583 ἐξομοιοῦσθαι
1587 2550 1650 2582 τοὺς
1665 2553 1851 2587 στρατιώτας)

1058 2594 1201 2629 ἡμιόνους
1214 2594 1384 2628 Μαριανοὺς
1391 2594 1544 2631 ὠνόμαζον.
1555 2596 1586 2623 Οἱ
1596 2596 1636 2630 δὲ,
1647 2597 1689 2623 ὃτι
1699 2597 1718 2613 ¹¹
1731 2599 1852 2635 Μάριος,

864 2663 978 2692 VARUS
996 2661 1198 2691 LECTIONES.

267 2721 291 2756 fi
303 2721 366 2756 ἒξῆν
381 2720 399 2746 Α
412 2729 419 2747 :
436 2721 519 2755 ἐχρῆν
541 2729 572 2752 ς.

220 2755 296 2782 λικόν
310 2755 340 2782 Β.

389 2756 411 2775 νο
427 2755 681 2792 ὑπογεγραμμένων
695 2763 725 2787 ς.
752 2791 757 2792 γ
770 2756 778 2771 ¹
794 2756 994 2792 δύναμιν-ἐχειν
1009 2765 1039 2789 ς.

624 2721 648 2759 ξι
664 2720 845 2759 σχολάζοντας
866 2721 896 2748 Β.
925 2721 959 2759 ﬂ"
975 2721 1030 2756 ὅτι]
1042 2729 1066 2748 c.
1087 2729 1141 2759 |_u_.A
1164 2720 1189 2737 ⁹⁶
1202 2717 1391 2759 φοᾷεράξξερος
1403 2720 1437 2748 Α.
1473 2721 1497 2736 ’⁷
1510 2718 1619 2759 M7190:
1633 2721 1688 2750 ΑΒ.
1734 2725 1757 2739 ’⁸
1775 2725 1847 2759 βασι-

1087 2753 1276 2795 ¹άθικτονιΑξ
1298 2753 1401 2795 ιξλιιπογ
1429 2764 1460 2795 ς.
1510 2753 1690 2795 "3_'t:i]_c._\‘_t.
1735 2762 1748 2778 ⁸
1764 2753 1851 2795 ύπερ-

222 2791 301 2828 ξολάς
314 2799 390 2828 τινας
405 2791 426 2818 Δ
439 2787 757 2828 τλτινὸξύπέρϐολὰςλκαί
779 2799 810 2828 ς.
836 2791 846 2808 ⁸
863 2787 921 2827 δτι]
981 2787 1029 2820 ait.
1053 2792 1063 2807 °
1076 2791 1122 2818 τοῦ
1133 2798 1188 2818 0m.
1209 2789 1239 2815 Ii.
1267 2789 1275 2804 '
1290 2787 1367 2820 οὗτος
1382 2791 1414 2817 Λ.
1441 2791 1451 2804 "
1463 2787 1616 2825 χρυσίονᾏ.
1639 2792 1649 2808 ⁸
1663 2792 1792 2828 δραχμάς
1808 2787 1829 2821 ι(
1842 2814 1851 2822 ι

221 2826 370 2860 ὃιδραχμάς
387 2834 416 2857 ς.
455 2825 476 2841 ¹⁰
491 2826 530 2851 ὅτι
546 2825 582 2858 [ι’.
603 2833 662 2852 λιιι.
703 2826 721 2840 ¹¹
738 2826 789 2858 ὅτι]
806 2836 829 2853 c.
847 2834 902 2853 xu.
