1923 3093
70 161 143 194 1453

618 165 878 197 BIBLIOTHECA.
892 179 927 184 -
945 167 1026 198 COD.
1052 168 1178 200 CCXLV.

1626 167 1697 200 1454

66 219 164 254 φησιν.
189 219 242 246 ὑπὸ
266 218 432 254 Σκηπίωνι¹¹
451 220 536 247 πάλαι
563 222 788 256 στρατευόμενος,
814 221 859 249 καὶ

912 230 988 250 arma
1013 228 1040 251 et
1062 230 1156 251 carros
1192 223 1361 258 inspicienti,
1393 223 1507 251 adduxit
1539 222 1698 251 bellicosum

65 265 347 300 πολυπραγμονοῦντι
364 266 427 300 περί
441 275 472 293 τε
487 266 542 293 τῶν
556 267 647 294 ὅπλων
662 268 709 295 καὶ
723 268 778 294 τῶν
794 268 861 294 ὐπο-

64 310 173 344 ζυγίων
180 310 227 337 τὸν
239 309 408 345 στρατιώτην
419 312 593 347 προσήγαγεν
605 312 686 340 ἵππον
695 321 724 339 τε
732 312 862 340 κάλλιστα

64 357 259 392 τεθραμμένον
283 357 330 383 καὶ
360 356 471 391 ἡμίονον
484 357 576 393 εὐεξίᾳ
594 357 642 385 καὶ
664 358 799 393 πραότητι
814 358 862 385 καὶ

65 402 151 438 ῥώμῃ
163 401 326 437 διαφέροντα
341 402 409 429 πολὺ
424 403 479 429 τῶν
495 403 593 431 ἄλλων.
616 403 758 435 Ἡσθέντος
772 404 801 430 δὲ
815 403 861 431 τοῦ

66 447 224 482 στρατηγοῦ
236 448 294 479 τοῖς
308 447 356 474 τοῦ
374 448 483 484 Μαρίου
500 449 640 484 θρέμμασι
660 449 707 475 καὶ
731 449 862 481 πολλάκις

64 493 162 520 αὐτῶν
190 493 365 529 μνησθέντος,
392 493 479 526 οὕτως
498 494 552 530 ἄρα
569 495 632 526 τοὺς
642 493 817 526 σκώπτοντας
832 495 862 523 ὲν

61 538 173 574 ἐπαίνῳ
198 539 244 565 τὸν
268 539 395 574 ἐνδελεχῆ
427 540 476 566 καὶ
487 540 610 575 τλήμονα
639 539 688 566 καὶ
713 539 860 574 φιλόπονον

63 585 225 618 Μαριανὸν
235 585 361 620 ἡμίονον
375 587 603 622 προσαγορεύειν.

101 631 169 658 Ὅτι
179 631 313 664 Τεύτονας
325 633 434 667 Μαρίου
448 633 741 670 καταπολεμήσαντος,
759 633 860 668 μυριά-

63 676 113 707 δας
127 676 206 709 δέκα,
234 677 431 705 Μασσαλιῶται
447 678 469 694 ⁸³
488 679 544 709 τοῖς
556 679 660 711 ὀστέοις
674 679 797 713 λέγονται
814 686 862 705 πε-

65 722 256 758 ριθριγκῶσαι
275 725 297 740 ³⁸
312 725 375 755 τοὺς
389 724 556 759 ἀμπελῶνας
567 733 575 740 ·
590 725 640 760 τὴν
663 725 691 752 δὲ
716 725 779 760 γῆν,
807 724 861 751 τῶν

63 768 176 802 νεκρῶν
204 768 451 796 καταναλωοέντων
463 770 493 796 ὲν
508 769 577 804 αὐτῇ
602 769 651 796 καὶ
665 769 710 796 διὰ
729 769 861 804 χειμῶνος

63 813 181 849 δμϐρων
196 814 392 846 ἐπιπεσόντων,
413 814 500 847 οὕτως
512 814 709 850 ὲκλιπανθῆναι
725 815 772 842 καὶ
784 814 862 849 γενέ-

62 859 130 886 σθαι
143 859 189 886 διὰ
211 859 308 894 βάθους
333 859 461 886 ἀνάπλεω
477 860 499 876 ¹⁸
511 860 562 895 τῆς
577 860 724 896 σηπεδόνος
736 860 860 895 ὲνδύσης,

911 275 1011 304 equum
1025 270 1126 304 optime
1143 270 1304 303 enutritum,
1333 274 1361 297 et
1377 269 1477 297 mulum
1501 270 1606 297 caeteris
1622 269 1699 296 habi-

913 314 1008 342 liorem
1023 319 1051 341 et
1068 315 1212 342 eicuritate
1226 319 1254 341 et
1268 315 1366 342 robore
1379 319 1560 348 praestantem
1591 314 1697 348 multo;

912 365 1029 392 cumque
1049 359 1197 393 imperator
1209 358 1286 386 Marii
1311 359 1445 393 iumentis
1460 358 1656 390 obiectaretur,
1670 362 1699 385 et

914 411 986 438 sa‘pe
1001 411 1097 431 eorum
1118 405 1319 436 recordaretur,
1336 404 1398 431 inde
1412 408 1502 431 ortum
1526 408 1555 430 ut
1578 403 1623 438 qui
1651 410 1699 438 per

913 448 1042 476 cavillum
1065 450 1100 477 ob
1118 449 1242 477 laborum
1263 449 1454 477 assiduitatem
1477 452 1506 476 et
1526 448 1697 477 tolerantiam

912 495 1080 526 laudaretur,
1097 495 1236 523 Mariana;
1247 495 1333 523 multa
1347 495 1540 530 appellaretur.

946 626 1070 656 Devictis
1095 630 1203 654 centum
1232 626 1352 655 millibus
1379 625 1535 655 Teutonum
1563 632 1579 653 a
1600 625 1697 660 Mario,

917 672 1103 702 Massilienses
1147 672 1238 700 ferunt
1283 672 1391 700 ossibus
1433 672 1529 700 vineas
1564 671 1697 706 sepiisse:

914 719 1035 746 tellurem
1051 725 1114 746 vero
1132 718 1300 752 consumptis
1311 719 1338 746 in
1357 726 1389 747 ea
1400 718 1590 750 cadaveribus,
1608 725 1640 745 ac
1649 724 1699 753 per

912 764 1029 792 hiemem
1043 764 1176 792 imbribus
1199 764 1327 798 delapsis,
1344 763 1380 792 ita
1394 764 1520 798 pinguem
1554 763 1698 794 redditam,

911 809 1055 844 putredine
1072 810 1098 836 in
1123 809 1288 844 profundum
1320 814 1481 844 penetrante
1508 808 1653 844 repletam,
1670 814 1699 835 ut

914 855 1035 890 legitimo
1049 859 1170 889 tempore
1195 855 1302 882 abunde
1330 854 1468 882 fructuum
1496 853 1650 889 protuleritI
1671 859 1697 880 et

61 903 138 930 ὥστε
164 904 278 939 καρπῶν
296 904 464 940 ὑπερϐάλλον
486 905 528 937 είς
548 895 623 942 ὥρας
641 905 742 941 πλῆθος
755 905 859 941 ἐξενεγ-

913 900 984 936 quod
1001 900 1184 928 Archilochus
1204 900 1282 933 dixit,
1309 900 1362 927 hoc
1381 900 1460 928 modo
1484 907 1565 934 agros
1587 900 1698 934 pingue-

62 951 135 982 κεῖν,
155 950 203 977 καὶ
218 951 393 986 μαρτυρῆσαι
406 951 444 986 τῷ
464 952 613 987 Ἀρχιλόχῳ
628 952 736 987 λέγοντι
752 952 860 979 πιαίνε-

62 996 130 1022 σΊαι
160 996 229 1031 πρὸς
245 996 293 1023 τοῦ
321 997 443 1024 τοιούτου
451 997 474 1013 ’⁸
491 998 541 1029 τὰς
561 997 692 1033 ἀρούρας.
716 997 860 1029 Ἐπιεικῶς

62 1041 92 1068 δὲ
105 1043 171 1073 ταῖς
187 1042 321 1076 μεγάλαις
335 1043 435 1078 μάχαις
450 1043 587 1075 ἐξαισίους
602 1044 696 1076 ὑετοὺς
710 1044 860 1079 ἐπικαταρ-

65 1087 221 1123 ρήγνυσθαι
243 1088 379 1122 λέγουσιν,
391 1089 446 1115 εἴτε
457 1089 597 1124 δαιμονίου
615 1089 688 1120 τινὸς
700 1090 757 1120 τοῖς
775 1089 861 1116 καθαο

65 1135 122 1168 ροῑς
155 1134 203 1160 καὶ
227 1133 375 1160 διιπετέσιν
394 1134 551 1168 ἁγνῐζοντος
564 1135 644 1162 ὕδασι
664 1135 711 1161 καὶ
723 1134 860 1162 κατακλύα

65 1179 243 1211 ζοντος,εῐτε
263 1178 310 1205 τοῦ
339 1179 421 1214 φόνου
446 1180 558 1214 καὶτῆς
580 1180 724 1215 σηπεδόνος
746 1179 859 1213 ὲξανιεί-

64 1232 116 1259 an;
140 1224 228 1259 ὑγρὰν
248 1225 296 1251 καὶ
321 1225 433 1260 βαρεῖαν
460 1225 654 1261 ἀναθυμίασιν,
681 1226 698 1262 ή
720 1226 766 1252 τὸν
791 1225 861 1259 ἀέρα

64 1269 235 1305 συνίστησιν,
253 1269 402 1306 εὔτρεπτον
417 1270 481 1297 ὄντα
498 1271 544 1297 καὶ
559 1270 658 1306 ῥᾳδίως
680 1269 860 1305 μεταϐάλλειν

64 1314 111 1340 ἐπὶ
127 1314 255 1341 πλεῖστον
276 1315 332 1342 ἀπὸ
356 1316 543 1351 σμικροτάτης
566 1316 663 1351 ἀρχῆς.
678 1316 739 1342 Ὀτι
750 1315 772 1331 ¹⁷
786 1314 860 1347 ἄξιον

64 1359 280 1394 θαυμάσαιτοῦς
295 1360 467 1395 Κουρνοὺτου
486 1361 666 1396 θεράποντας.
682 1360 793 1387 Πολλῶν
807 1360 860 1395 γὰρ

64 1406 93 1431 ὲν
106 1406 292 1441 στασιαζούσῃ
307 1407 339 1441 τῇ
353 1406 429 1433 πόλει
460 1407 572 1442 θανάτῳ
595 1407 642 1434 καὶ
655 1406 710 1433 τῶν
732 1405 861 1433 ἀναιτίων

65 1450 349 1486 καταψηφισαμένων,
366 1451 413 1477 καὶ
424 1452 528 1487 μυρίων
538 1452 650 1486 σφαγῶν
665 1451 713 1478 καὶ
726 1449 859 1477 ποικίλων

64 1496 274 1531 προελθόντων,
308 1493 383 1524 οὗτοι
407 1497 454 1524 τὸν
477 1497 610 1532 δεσπότην
638 1495 859 1531 ἀποκρύψαντες,

66 1542 164 1577 νεκρὸν
185 1542 213 1568 δέ
228 1550 288 1568 τινα
311 1541 368 1569 τῶν
393 1542 498 1569 πολλῶν
524 1543 725 1577 ἁναρτήσαντε;
754 1543 787 1568 ὲκ
813 1541 860 1568 τοῦ

65 1587 202 1622 τραχήλου
230 1587 278 1614 καὶ
312 1587 472 1623 περιθέντες
487 1587 562 1624 αὑτῷ
587 1587 704 1624 χρυσοῦν
717 1586 858 1614 δακτύλιον

65 1631 239 1660 ἐπεδείκνυον
265 1633 326 1670 [651
343 1633 391 1669 IL]
408 1635 465 1665 τοῖς
497 1634 604 1669 Μαρίου
627 1633 798 1669 δορυφόροις,
812 1632 858 1658 καὶ

33 1716 35 1718 _
66 1679 255 1714 κοσμήσαντες
274 1679 312 1711 ὠς
325 1681 430 1706 ἐκεῖνον
453 1680 534 1707 αὑτὸν
557 1679 684 1707 ἔθαπτον.
703 1679 852 1713 ’Υπενόησε
871 1676 898 1704 δὲ

66 1725 180 1752 οἰκετῶν
194 1725 234 1757 είς
246 1725 380 1753 Γαλατίαν
391 1726 562 1762 διεκομίσθη.

321 1783 373 1811 Ἐκ
389 1784 441 1811 τοῦ
461 1784 596 1818 Ἀράτου.

98 1840 165 1867 “οτι
176 1840 197 1856 ¹³
207 1840 222 1866 ὁ
233 1841 361 1875 Ἄρατος,
373 1841 451 1876 φησὶ,
463 1840 596 1876 λαμπρῶς
608 1841 628 1857 ’³
643 1840 748 1867 κατὰἈ
754 1840 859 1876 ριστίπ-

66 1894 117 1913 που
131 1885 180 1912 τοῦ
196 1886 328 1921 τυράννου
349 1886 397 1914 καὶ
413 1886 483 1913 κατὰ
495 1886 550 1913 τῶν
563 1887 612 1913 σὺν
626 1886 701 1921 αὐτῷ
730 1886 860 1921 ἀριστεύ-

67 1939 125 1963 σας,
151 1931 280 1963 πεσόντος
293 1932 340 1959 καὶ
356 1932 437 1958 αὑτοῦ
451 1930 500 1958 τοῦ
511 1931 644 1966 τυράννου
677 1931 730 1957 ὑπὸ
753 1931 860 1965 Κρητός

65 1983 136 2006 τινα,
149 1975 305 2010 Τραγίσκου
315 1976 338 1991 ¹⁶
347 1975 475 2010 τοῦνομα,
485 1975 533 2002 καὶ
543 1973 589 2001 τοῦ
601 1973 718 2009 πλήθους
730 1972 858 2009 [12081ἶ.]

65 2021 118 2047 τῶν
135 2021 224 2048 ἄλλων
240 2022 325 2049 ὄντων
335 2025 388 2056 ,αφ’
405 2022 458 2048 τῶν
471 2020 680 2056 ἀναιρεθέντων,
693 2021 739 2047 καὶ
758 2020 860 2054 μηδένα

65 2068 120 2095 τῶν
147 2068 232 2095 αὑτοῦ
256 2068 430 2104 στρατιωτῶν
447 2067 605 2100 ἀποϐαλὼν,
622 2067 696 2102 ὅμως
712 2067 761 2093 οὐκ
780 2065 859 2092 ἔλαϐε

65 2114 94 2140 τδ
106 2114 212 2149 Ἀργος
244 2113 305 2141 οὐδὲ
328 2113 499 2149 ἠλευθέρωσε
515 2113 578 2145 τοὺς
593 2113 622 2139 ὲν
637 2112 712 2147 αὐτῷ
725 2112 779 2138 τῶν
794 2112 857 2146 περὶ

67 2160 149 2193 Ἆγιν
173 2160 220 2186 καὶ
245 2159 290 2186 τὸν
317 2159 448 2194 νεώτερον
478 2159 673 2194 Ἀριστόμαχον
693 2158 761 2193 μετὰ
776 2157 857 2184 δυνά-

68 2214 140 2239 μεως
155 2205 297 2240 βασιλικῆς
327 2205 566 2240 παρεισπεσόντων
594 2205 641 2231 καὶ
668 2204 857 2238 κατασχόντων

912 954 1000 978 scere,
1016 946 1042 972 id
1059 951 1115 972 tum
1129 945 1214 972 fuisse
1226 945 1429 972 conﬁrmatum.
1440 943 1534 979 Neque
1550 944 1597 971 abs
1609 950 1637 970 re
1645 948 1697 974 est,

910 992 982 1026 quod
997 996 1057 1026 post
1072 998 1165 1025 magna
1181 990 1276 1024 prmlia
1289 989 1439 1017 immodica
1449 989 1546 1024 pluvia:
1557 983 1696 1016 decidant:

911 1037 968 1064 sive
984 1036 1052 1064 deus
1077 1035 1174 1070 aliquis
1199 1039 1299 1062 terram
1321 1034 1396 1070 puris
1410 1040 1437 1062 et
1453 1033 1608 1062 caelestibus
1621 1031 1699 1067 aquis

911 1081 1008 1109 lustrat
1022 1085 1104 1116 atque
1115 1080 1222 1116 proluit,
1237 1081 1295 1108 sive
1311 1080 1487 1108 cadaveribus
1495 1080 1525 1106 et
1537 1077 1697 1114 pinguedine

912 1128 1051 1154 humidam
1082 1134 1246 1162 gravemque
1266 1126 1457 1154 emittentibus
1483 1124 1697 1156 exhalationem,

912 1170 948 1197 ita
976 1178 1024 1197 uer
1038 1172 1103 1202 coit,
1137 1170 1257 1204 alioquin
1284 1169 1363 1196 facile
1391 1170 1473 1196 etiam
1495 1167 1640 1195 levissimis
1663 1167 1698 1194 d3

910 1216 1001 1244 causis
1015 1216 1157 1243 mutationi
1187 1216 1333 1243 obnoxius.
1353 1214 1431 1249 Digni
1462 1214 1553 1247 itaque
1578 1212 1697 1239 admira-

912 1262 984 1288 tione
997 1260 1108 1288 Cornuti
1120 1260 1192 1288 servi
1210 1268 1217 1286 :
1237 1258 1328 1286 multis
1342 1258 1414 1285 enim
1431 1257 1499 1285 bello
1512 1256 1584 1284 civili
1610 1261 1698 1284 morte

910 1307 969 1333 sine
981 1314 1064 1333 cauSa
1089 1305 1289 1336 condemnatis,
1314 1304 1451 1338 variisque
1468 1303 1587 1330 caedibus
1598 1309 1697 1337 perpe-

912 1353 1001 1386 tratis,
1013 1359 1073 1380 cum
1086 1352 1180 1378 hcrmn
1188 1358 1265 1378 suum
1275 1350 1467 1381 occultassent,
1476 1349 1550 1376 aliud
1564 1349 1697 1383 quoddam

911 1399 1029 1427 cadaver
1045 1399 1079 1426 de
1092 1403 1263 1425 mortuorum
1280 1403 1378 1424 acervo
1390 1400 1532 1430 arreptum
1556 1394 1627 1422 collo
1640 1399 1696 1422 tra-

912 1445 1017 1477 hentes,
1048 1451 1158 1471 aureum
1188 1443 1315 1470 annulum
1342 1442 1425 1477 digito
1448 1440 1697 1474 accommodantes,

911 1491 1038 1518 Marianis
1052 1491 1088 1516 ita
1103 1490 1262 1517 satellitibus
1277 1489 1464 1520 ostenderunt.
1488 1492 1516 1515 et
1535 1492 1632 1515 ornato
1652 1487 1696 1514 [ιι-

912 1546 987 1568 nere,
1005 1538 1082 1571 quasi
1111 1536 1195 1564 herile
1225 1540 1299 1563 esset
1324 1534 1529 1569 scpeliverunt:
1555 1541 1645 1568 neque
1671 1533 1696 1561 id

912 1583 1054 1618 quisquam
1072 1582 1168 1611 sensit.
1184 1587 1270 1614 eoque
1285 1580 1365 1606 modo
1375 1580 1513 1607 Cornutus
1531 1578 1599 1606 clam
1614 1585 1697 1613 opera

912 1635 1051 1656 servorum
1069 1627 1096 1653 in
1105 1626 1219 1653 Galliam
1235 1625 1333 1653 evasit.

911 1674 1008 1708 οὐδεὶς,
1035 1672 1092 1701 ἀλλ’
1116 1672 1186 1699 οὕτω
1216 1670 1306 1698 λαθὼν
1338 1671 1352 1697 ὁ
1375 1668 1544 1705 Κουρνοῦτος
1565 1667 1618 1696 ὑπὸ
1643 1667 1697 1694 τῶν

1188 1773 1231 1800 Ea:
1251 1773 1328 1799 Arati
1351 1771 1421 1799 Vita.

945 1836 1028 1862 Arato
1044 1841 1105 1861 cum
1119 1832 1258 1867 Aristippo
1268 1836 1296 1859 et
1315 1830 1447 1859 militibus
1460 1830 1515 1858 acri
1531 1837 1620 1865 pugna
1630 1838 1695 1859 con-

911 1881 1060 1916 gredieutc,
1071 1883 1220 1913 ettyranno
1230 1884 1245 1904 a
1258 1876 1340 1904 Crete
1351 1877 1468 1911 quodam
1476 1876 1586 1903 nomine
1599 1874 1682 1910 Τιτιεὶ
1690 1890 1697 1895 -

911 1933 958 1953 sco
974 1929 1080 1956 necato,
1093 1928 1119 1951 et
1127 1921 1344 1958 399aamissis
1353 1921 1471 1955 ipsorum
1479 1920 1620 1955 plusquam
1629 1920 1698 1947 1500

911 1971 992 2002 viris,
1008 1974 1035 1996 et
1046 1968 1153 1995 netnine
1164 1975 1273 1995 suorum
1288 1966 1400 1998 amisso,
1415 1966 1501 2001 Argos
1510 1971 1600 1993 tamen
1611 1973 1697 2002 neque

911 2015 983 2051 cepit
1000 2022 1086 2049 neque
1100 2012 1235 2040 liberavit.
1252 2012 1317 2047 Agis
1344 2013 1417 2040 enim
1444 2018 1473 2039 et
1489 2012 1697 2040 Aristomachus

912 2063 1001 2089 minor
1030 2067 1091 2088 cum
1108 2059 1228 2086 exercitu
1245 2058 1318 2093 regio
1333 2059 1487 2094 irruperant
1497 2066 1540 2090 eo,
1561 2062 1587 2085 et
1605 2065 1697 2085 rerum

910 2110 1073 2142 potestatem
1086 2109 1298 2139 occupaverant.
1315 2104 1440 2140 Magnam
1461 2104 1571 2139 quidem
1592 2108 1697 2138 partem

910 2151 1078 2182 cavillorum,
1096 2149 1328 2182 dicteriorumque
1351 2153 1379 2175 et
1399 2148 1555 2176 scurrilinm
1577 2148 1697 2176 insecta-

913 2197 1023 2226 tionem.
1041 2194 1139 2229 quibus
1161 2202 1224 2221 eum
1251 2194 1408 2221 adulatores
1437 2199 1617 2229 tyrannorum
1639 2196 1697 2220 tra-

66 2238 98 2277 τὰ
115 2238 280 2286 πρνὰγματαξ
293 2251 330 2278 Τὸ
343 2238 392 2286 μέν
404 2249 450 2278 οὖν
463 2251 530 2278 πολὺ
548 2251 597 2286 τῆς
614 2250 739 2285 διαϐολῆς
753 2249 799 2276 καὶ
816 2249 859 2276 λό-

912 2241 1055 2273 ducebant,
1078 2238 1228 2271 reiutavit;
1253 2239 1299 2273 qui
1328 2239 1355 2266 in
1376 2239 1491 2273 gratiam
1525 2238 1695 2265 dominorum

66 2305 130 2330 γους
146 2298 194 2324 καὶ⁸
222 2296 379 2332 σκώμματα
395 2297 441 2323 καὶ
456 2296 623 2332 βωμολοχίας
646 2296 791 2331 παρείλετο
806 2295 859 2321 τῶν

67 2343 271 2369 κολακευόντων
294 2343 357 2375 τοὺς
376 2343 535 2377 τυράννους,
551 2342 601 2368 καὶ
614 2342 775 2374 διεξιόντων,
788 2340 860 2368 ὲκεί-

67 2396 120 2419 νοις
145 2387 346 2423 χαριζομένων,
363 2388 401 2420 ὡς
426 2388 473 2415 τοῦ
496 2388 648 2424 στρατηγοῦ
667 2388 720 2414 τῶν
743 2386 859 2422 Ἀχαιῶν

66 2433 261 2470 ἐκταράττοιτο
276 2434 327 2470 μὲν
339 2435 356 2470 ἡ
370 2435 458 2462 κοιλία
471 2435 545 2470 παρὰ
560 2435 610 2467 τὰς
622 2436 643 2450 ¹¹
661 2435 760 2470 μάχας,
775 2434 859 2469 κάρος

65 2479 157 2507 δὲκαὶ
189 2480 294 2515 ἴλιγγος
321 2482 489 2516 προσπίπτοι
503 2482 525 2497 ’³
540 2481 598 2516 ἅμα
623 2480 662 2516 τῷ
684 2481 858 2515 παραστῆναι

65 2526 110 2552 τὸν
138 2526 310 2562 σαλπιγκτὴν
321 2527 356 2560 ³³,
385 2527 501 2561 ἐκτάξας
515 2527 543 2554 δὲ
558 2528 607 2563 τὴν
630 2527 745 2562 δύναμιν
763 2527 810 2553 καὶ
828 2526 858 2552 τὸ

67 2571 193 2607 σύνθημα
224 2573 434 2609 παρεγγυήσας,
462 2573 510 2600 καὶ
527 2573 680 2608 πυθόμενος
708 2572 763 2599 τῶν
790 2573 857 2598 ὑπο-

68 2617 228 2652 στρατηγῶν
247 2620 284 2653 μή
304 2628 346 2651 τις
363 2619 446 2646 αὑτοῦ
457 2618 537 2653 χρεία
548 2618 691 2653 παρόντος,
707 2617 854 2653 βεϐλῆσθαι

67 2661 118 2697 γὰρ
145 2664 209 2695 τοὺς
235 2664 422 2700 ἀστραγάλους
438 2684 445 2698 ,
473 2664 629 2698 ἀπέρχοιτο,
660 2661 855 2698 καραδοκήσων

912 2286 1042 2314 dictitare
1058 2285 1191 2316 solebant,
1207 2284 1268 2311 duci
1289 2284 1448 2311 Acha-orum
1470 2288 1591 2318 tempore
1610 2283 1698 2318 proelii

911 2332 1000 2359 alvum
1030 2330 1200 2362 conturbari,
1217 2330 1377 2364 vertiginem
1387 2334 1415 2357 et
1437 2337 1546 2363 gravem
1571 2337 1697 2363 soporem

910 2377 1011 2406 oboriri
1040 2377 1216 2412 simulatque
1246 2376 1315 2403 tuba:
1344 2376 1462 2403 sonitum
1498 2375 1695 2403 exaudivisset.

911 2425 1003 2458 Itaque
1016 2428 1045 2450 ut
1069 2423 1185 2458 primum
1214 2422 1300 2450 aciem
1317 2422 1501 2454 instruxisset,
1517 2424 1545 2448 et
1565 2425 1696 2449 tesseram

911 2471 1042 2502 dedisset,
1059 2469 1213 2505 percontari
1240 2468 1350 2496 solitum
1370 2469 1555 2500 centuriones.
1580 2472 1608 2494 et
1631 2467 1696 2500 quid

910 2524 959 2544 sua
970 2514 1112 2550 praesentia
1124 2521 1192 2549 opus
1208 2513 1289 2545 foret,
1300 2513 1372 2548 jacta
1385 2512 1439 2547 jam
1459 2513 1517 2539 alea
1530 2521 1537 2546 ;
1556 2516 1637 2547 atque
1659 2512 1696 2538 ita

910 2562 1106 2597 digredientem
1136 2567 1218 2593 quam
1253 2558 1423 2593 longissime.
1448 2562 1575 2586 eventum
1601 2564 1696 2592 pugnae

908 2611 1077 2642 exspectare.
1093 2605 1157 2632 Haec
1171 2604 1279 2639 quidem
1292 2605 1329 2632 ita
1345 2605 1463 2632 obtinuit
1473 2605 1575 2638 opinio,
1593 2607 1621 2630 ut
1636 2602 1697 2637 phi-

908 2653 1013 2689 losophi
1028 2654 1110 2680 etiam
1124 2651 1151 2678 in
1165 2651 1266 2679 scholis
1282 2650 1434 2686 disputent.
1450 2656 1587 2679 tremorue
1604 2649 1695 2677 cordis

704 2717 822 2744 VARIIE
849 2709 1050 2743 LECTIONES.

88 2766 123 2806 _“
144 2767 272 2794 σκιπίωνι
299 2768 332 2806 Α..

69 2808 150 2833 χωσαι
167 2811 195 2833 ς.

245 2791 600 2830 εἴἀνᾶπλεωηῖῐῗῖίὲὸδ
616 2791 736 2828 τοιούτου
757 2799 776 2825 Β
788 2803 811 2824 ct
829 2805 900 2824 corr.
917 2792 1006 2830 Anco
1027 2791 1134 2830 τοιοῦτο
1149 2800 1179 2830 ς.

379 2768 401 2786 ’³
415 2766 610 2795 Μασσαλιῶται
638 2765 674 2796 Β,
698 2761 870 2791 Μασαλαῖται
895 2761 928 2791 Δ,
954 2756 1120 2796 Μασαλιῖτρι
1143 2765 1173 2788 ς.
1212 2753 1515 2796 ίξγπεριθριγκῶσαιηᾼ,
1533 2763 1554 2796 τη
1567 2759 1698 2789 περιτρο-

1219 2789 1305 2826 ¹⁷Ῠὸτι]
1329 2789 1353 2818 c.
1381 2797 1431 2826 χιι.
1468 2789 1490 2805 ⁸⁸
1502 2790 1554 2824 ὅτι]
1578 2797 1602 2817 c.
1619 2796 1696 2826 x_xtx.

70 2824 234 2872 $15555;
257 2824 421 2865 κᾶι’“έξᾶ.ξᾶ”
503 2838 524 2854 ιο
758 2824 762 2825 ν
779 2834 800 2849 ιι
818 2833 867 2864 τὰς
878 2831 941 2859 add.
957 2829 988 2855 Α.
1026 2828 1050 2843 ¹¹
1063 2827 1229 2860 προσπίπτοι
1241 2825 1278 2852 B:
1294 2824 1463 2861 προσπίπτει
1484 2834 1514 2857 ς.
1559 2825 1582 2842 ³³
1600 2824 1697 2853 σαλπι-

71 2873 130 2906 κτὴν
143 2880 174 2904 ς.
