1923 3093
239 135 308 170 1455
813 138 944 171 ΡΗΟἸῚῙ
963 140 1016 171 PA'

1074 141 1218 173 IARCILE
1236 142 1293 175 (ΖΡ.
1804 143 1866 176 1-556

237 204 265 224 et
279 196 393 225 mutatio
406 195 516 230 coloris,
530 201 558 224 et
573 196 626 224 alvi
640 195 741 224 solutio
755 202 890 231 praesente
903 197 1016 233 pericult

1077 198 1221 235 πόρρωθεν
1231 200 1262 227 τὸ
1278 199 1498 235 συμδησόμενον.
1518 193 1612 227 ταῦτα
1628 200 1684 236 γὰρ
1699 199 1789 232 οὕτως
1801 201 1867 236 ἰσχυ-

236 245 394 273 timidorum
411 243 457 277 sit,
470 250 504 270 an
520 242 652 277 cujusque
668 242 838 277 intemperiei
860 243 887 270 in
912 250 1016 278 corport

1078 254 1135 278 σεν,
1150 245 1223 273 ὥστε
1242 245 1291 273 καὶ
1316 246 1381 278 τοὺς
1400 245 1563 280 φιλοσόφους
1574 246 1604 272 ἐν
1615 248 1675 278 ταῖς
1697 246 1807 282 σχολαῖς
1821 248 1867 284 ζηο

236 295 264 318 et
273 289 451 325 trigiditatis;
469 287 582 316 Aratum
605 288 679 315 enim
699 286 799 314 bonum
814 294 923 322 semper
931 288 1016 316 ducen

1076 292 1133 318 τεῐν
1142 291 1167 308 ⁸⁸
1178 292 1222 325 εί,
1238 291 1269 318 τὸ
1283 291 1434 318 πάλλεσθαι
1452 291 1502 327 τὴν
1516 291 1630 327 καρδίαν
1652 292 1700 319 καὶ
1719 292 1751 320 τὺ
1773 294 1868 330 χρῶμα

235 334 371 368 habitum,
383 333 428 362 cui
444 338 536 362 tamen
556 339 589 361 ea
607 339 714 367 semper
739 332 766 359 in
794 331 929 360 obeundis
953 333 1016 368 peri

1075 338 1230 374 τρέπεσθαι
1260 338 1284 355 ’⁵
1295 338 1343 366 καὶ
1351 338 1402 373 τὴν
1413 338 1517 366 κοιλίαν
1525 339 1734 375 ἐξυγραίνεσθαι
1747 341 1823 375 παρὰ
1837 342 1867 367 τὰ

235 381 306 409 culis
328 379 489 408 acciderint.
510 379 578 413 Quia
602 379 715 414 antiqua
746 378 787 406 lex
807 383 878 411 erat,
906 385 941 406 ne
963 378 1027 413 quis

236 427 308 455 intra
329 434 423 456 muros
451 426 623 462 sepeliretur.
656 431 772 460 eamque
809 423 896 460 legem
927 431 1025 460 magna

235 473 415 500 comitabatur
431 471 600 507 superstitio,
617 469 736 505 Delphos
756 470 891 498 miserunt
901 477 933 497 ea
949 469 983 497 de
996 476 1026 497 re

235 519 404 546 sciscitatum
423 517 563 554 Pythiam,
585 523 645 550 quze
659 515 794 551 permisit.
813 515 846 543 Et
862 520 918 542 tum
931 515 1024 543 caeteri

234 564 336 597 Λυιιωί,
349 568 405 591 tum
417 571 482 591 vero
499 562 618 598 Sicyonii
634 561 718 597 gavisi
731 565 804 593 sunt,
820 565 980 596 mutatoque
995 561 1023 588 in

234 610 409 638 festivitatem
424 610 508 641 luctu,
524 608 647 636 coronati
664 607 884 643 albisquelnduti
901 607 1024 635 vestibus

233 664 332 692 corpus
351 656 411 692 ejus
421 655 512 684 statim
538 655 564 682 in
583 655 678 682 urbem
702 654 891 688 deportarunt,
918 660 1024 689 paranes

233 702 341 731 choreis
357 701 532 730 accinentes:
560 708 594 728 ac
616 699 676 728 loco
702 700 809 727 delecto
833 699 878 734 qui
903 699 1024 727 omnium

232 750 390 785 conspectui
414 752 529 784 paleret,
561 753 689 782 tanquam
725 747 896 775 conditorem
926 752 1023 774 serva-

233 799 374 829 toremque
398 794 474 822 urbis
504 793 696 828 sepeliverunt.
722 792 796 820 Loco
815 792 963 820 etiamnum
981 795 1024 819 est

233 847 330 868 nomen
341 840 482 868 Arateum.
501 839 625 867 Mortuus
648 844 690 868 est
709 839 802 873 specie
822 837 1019 865 familiaritatis

1076 383 1228 418 φαινόμενα
1237 383 1312 411 δεινὰ
1324 384 1425 416 δειλίας
1434 384 1509 411 ἐστὶν
1521 385 1537 420 ἢ
1547 385 1718 420 δυσκρασίας
1725 387 1798 417 τινὸς
1807 388 1866 421 περὶ

1075 428 1107 455 τὸ
1123 429 1203 464 σῶμα
1227 429 1275 456 καὶ
1285 428 1466 465 ψυχρότητος·
1479 430 1526 457 τδν
1539 430 1595 466 γὰρ
1622 431 1742 466 ’Δρατον
1761 431 1807 457 ἀεὶ
1821 432 1867 467 μὲν

1075 473 1178 508 ἀγαθὸν
1198 474 1325 510 ἡγεῖσθαι
1339 475 1504 511 στρατηγὸν,
1517 476 1562 503 ἀεὶ
1576 475 1606 502 δέ
1619 476 1707 503 ταῦτα
1730 476 1866 511 πάσχοντα

1075 519 1152 556 παρὰ
1186 521 1250 553 τοὺς
1274 520 1393 556 ἀγῶνας.
1420 521 1481 548 ὀτι
1497 521 1520 537 ¹⁶
1547 521 1630 556 νόμου
1663 522 1772 558 (φησιν)
1795 522 1866 553 ὄντος

1075 566 1189 601 ἀρχαίου
1216 567 1319 603 μηδένα
1346 566 1497 594 θάπτεσθαι
1523 567 1621 603 τειχῶν
1638 568 1727 599 ἐντὸς,
1756 567 1865 603 inopi;

1075 620 1105 639 τε
1119 612 1143 628 ’⁷
1159 612 1199 647 τῷ
1218 613 1293 648 νόμῳ
1306 613 1517 649 δεισιδαιμονίας
1528 613 1693 649 προσούσης,
1708 613 1866 649 εει-ιτεμψίινί⁸

1074 657 1116 688 είς
1143 657 1263 692 Δελφοὺς
1293 658 1364 693 ὑπὲρ
1387 657 1490 685 τούτων
1515 658 1677 694 ἐρησόμενοι
1690 658 1740 694 τὴν
1754 658 1865 685 Πυθίαν·

1074 703 1092 737 ἡ
1108 702 1136 729 δέ
1151 703 1298 738 ἐπέτρεπε.
1316 703 1372 730 Καὶ
1386 703 1413 730 οῖ
1421 711 1450 730 τε
1467 703 1571 739 ’Δχαιοὶ
1596 703 1716 735 ἅπαντες
1733 703 1866 738 ἥσθησαν,

1075 748 1125 775 καὶ
1155 747 1342 784 διαφερόντως
1360 750 1384 776 οἱ
1399 749 1555 782 Σικυώνιοι,
1581 748 1782 784 μεταϐαλόντες
1790 749 1812 764 ’⁷
1831 750 1868 780 εἰς

1075 791 1173 827 ἑορτὴν
1202 792 1234 818 τὸ
1264 792 1382 827 πένθος,
1417 793 1499 825 εὐθὺς
1524 795 1557 821 ἐκ
1583 793 1631 821 τοῦ
1663 794 1760 828 Αἰγίου
1789 794 1868 820 τιν’·

1074 836 1172 872 νεκρὸν
1193 836 1308 872 ’Δράτου
1325 838 1546 874 ἐστεφανωμένοι
1564 838 1612 866 καὶ
1628 838 1868 874 λευχειμονοῦντες

231 893 336 914 veneno
347 891 374 913 et
391 885 471 920 dolis,
490 886 563 913 caede
578 893 593 913 a
605 885 742 913 Taurione
767 888 937 920 perpetrata,
954 883 1016 911 Phi-

1074 883 1125 910 ὑπὸ
1144 882 1267 910 παιάνων
1282 883 1331 910 καὶ
1344 884 1434 920 χορῶν
1448 885 1488 916 εις
1502 885 1551 921 τὴν
1570 885 1648 912 πόλιν
1662 885 1765 920 ἀνῆγον
1774 886 1808 918 ³³,
1824 885 1868 912 καὶ

230 932 303 967 lippo
318 931 514 967 Peloponnesio
529 936 641 968 tyranno
651 931 785 963 ediceute.
806 934 836 957 ut
857 930 967 964 impune
981 928 1019 957 illi

229 987 290 1014 qua:
304 979 413 1007 fecisset
428 979 566 1007 cederent.

1072 928 1156 955 τόπον
1180 927 1336 964 ἐξελόμενοι
1362 929 1510 966 περίοπτον
1525 950 1532 963 ,
1555 931 1650 967 ὥσπερ
1675 931 1803 967 οἰκιστὴν
1823 932 1868 959 καὶ

1075 973 1186 1010 σωτῆρα
1205 974 1255 1010 τῆς
1271 974 1377 1007 πόλεως
1405 976 1566 1012 ἐκήδευσαν·
1579 977 1627 1004 καὶ
1647 977 1770 1004 καλεῖται
1788 977 1867 1012 μέχρι

229 1026 276 1054 νῦν
306 1026 456 1063 Ἀράτειον.
473 1026 505 1053 Ἠ
517 1025 546 1053 δὲ
558 1024 671 1060 τελευτὴ
684 1024 758 1060 αὐτῷ
775 1024 804 1051 ἐν
832 1022 1034 1059 φιλοφροσύνης
1053 1021 1175 1056 σχήματι
1202 1022 1342 1057 φαρμάκῳ
1369 1023 1418 1049 καὶ
1453 1023 1523 1059 δόλῳ
1552 1024 1649 1059 γέγονε
1664 1043 1673 1056 ,
1711 1024 1867 1060 Ταυρίωνος

230 1073 280 1110 μέν
309 1072 358 1100 τοῦ
396 1070 551 1109 στρατηγοῦ
581 1070 830 1107 ὑπηρετησαμένου
862 1069 902 1105 τῷ
933 1069 1018 1104 φόνῳ,
1056 1068 1191 1094 Φιλίππου
1218 1067 1248 1095 δὲ
1276 1066 1326 1095 τοῦ
1362 1068 1579 1106 Πελοποννησίου
1612 1070 1747 1106 τυράννου
1763 1090 1772 1102 ,
1832 1070 1867 1099 ὡς

227 1120 319 1148 ἄδειαν
332 1118 388 1155 ἔχοι
400 1119 530 1155 πράττειν
542 1117 559 1145 ἃ
572 1117 694 1153 βούλοιτο
706 1118 762 1145 τῶν
777 1116 934 1152 ἐκθέσμων,
954 1113 1170 1151 προστάξαντος.

514 1165 556 1192 Ea:
571 1165 737 1192 Artaxerxis.

261 1213 349 1242 Mater
370 1212 533 1240 Artaxerxis
550 1212 601 1238 fuit
620 1211 773 1247 Parysatis,
790 1209 877 1238 solers
890 1215 957 1237 sane
972 1206 1015 1234 fe-

227 1260 312 1292 mina,
327 1264 355 1289 et
371 1259 479 1286 taxillos
493 1258 584 1292 jacere
598 1265 650 1284 non
669 1257 788 1284 indocta.
806 1255 893 1283 Metus
904 1260 1019 1291 tyranno

227 1305 352 1334 stimulus
365 1304 399 1331 ad
411 1304 511 1331 caedem
526 1302 694 1330 acerrimus.

331 1393 429 1430 399i!
457 1393 499 1421 Ea:
515 1393 598 1429 Agide
614 1391 669 1429 (76)
686 1391 742 1429 [Ex
752 1390 914 1427 Cleomene].
937 1419 940 1422 λ

261 1440 414 1476 Antigonus
426 1439 590 1467 Macedonia:
602 1446 648 1466 rex
660 1443 773 1466 voeatus
790 1438 823 1465 ad
837 1437 969 1464 auxilium
983 1437 1018 1465 ab

227 1485 332 1514 Achaeis
363 1490 458 1513 centra
482 1484 674 1517 Cleomenem,
710 1491 798 1518 pugna
826 1483 964 1518 superavit
991 1488 1019 1511 et

226 1530 328 1565 fugavit
341 1529 525 1563 Cleomenem,
541 1533 568 1556 et
582 1536 645 1557 cum
659 1532 732 1556 esset
752 1527 947 1556 Lacedaemone
967 1536 1016 1564 po-

1282 1162 1331 1189 Ἐκ
1343 1161 1396 1189 τοῦ
1415 1161 1610 1197 Ἀρτοξέρξου
1621 1162 1654 1189 ⁸⁸.

1109 1206 1171 1233 Ὀτι
1186 1207 1238 1243 ³³η
1260 1206 1308 1234 τοῦ
1329 1207 1506 1243 Ἀρτοξέρξου
1527 1209 1619 1243 μήτηρ
1647 1206 1806 1243 Παρύσατις
1821 1207 1855 1234 ου

1074 1251 1191 1287 μόσοφος
1207 1250 1242 1288 ἦν
1253 1252 1334 1288 γυνὴ,
1344 1253 1391 1279 καὶ
1404 1252 1479 1288 δεινὴ
1494 1253 1585 1289 (φησὶ)
1607 1253 1745 1281 κυϐεύειν.
1762 1253 1826 1280 Ὅτι
1845 1254 1866 1270 ³⁸

1072 1299 1090 1333 ἡ
1106 1297 1192 1325 δειλία
1218 1299 1297 1334 (φησὶ
1310 1299 1343 1335 ³⁸)
1360 1299 1544 1334 φονικώτατόν
1559 1301 1633 1326 ἐστιν
1655 1301 1684 1327 ἐν
1696 1301 1757 1332 ταῖς
1767 1308 1866 1337 τνραν-

1072 1343 1153 1371 νίσιν.

1338 1391 1389 1419 Ἐκ
1402 1391 1456 1418 τοῦ
1475 1391 1599 1425 Ἀγιδος.

1106 1437 1167 1463 Ὀτι
1179 1436 1203 1453 ⁸⁸
1222 1436 1373 1471 ’Δντίγονος
1392 1437 1496 1472 (φησὶν)
1507 1438 1520 1464 ὁ
1535 1437 1704 1470 Μακεδονίας
1721 1439 1864 1473 βασιλεὺς,

1066 1482 1310 1518 ἐπικαλεσαμένων
1333 1483 1398 1519 [652
1417 1482 1463 1519 IL]
1489 1483 1572 1510 αὐτὸν
1592 1484 1638 1510 ἐπὶ
1650 1483 1779 1520 βοήθειαν
1793 1488 1867 1513 κατὰ

1067 1528 1238 1564 Κλεομένους
1258 1528 1388 1564 Ἀχαιῶν,
1410 1529 1483 1564 μάχῃ
1509 1528 1630 1564 ἐνίκησε,
1648 1531 1696 1556 καὶ
1719 1530 1750 1562 ἐξ
1766 1530 1867 1565 ἐφόδου

227 1578 301 1608 titus,
343 1575 499 1603 humaniter
536 1575 610 1602 cives
645 1574 783 1607 tractavit,
806 1573 1016 1609 dignitatemque

1074 1574 1202 1609 φυγόντος
1213 1574 1385 1610 Κλεομένους
1397 1575 1447 1610 τὴν
1464 1574 1542 1601 πόλιν
1555 1575 1733 1609 παραλαϐὼν,
1747 1577 1794 1603 καὶ
1808 1579 1867 1609 τοῖς

226 1621 330 1658 Spartae
348 1621 423 1649 nullo
433 1621 514 1648 modo
527 1620 708 1653 conculcavit,
724 1626 770 1648 aut
783 1621 901 1649 ludibrio
911 1621 1016 1654 habuit,

224 1668 271 1696 sed
286 1667 360 1702 leges
375 1674 489 1701 remque
500 1666 634 1702 publicam
653 1665 796 1701 Spartanis
809 1667 936 1700 reddidit,
950 1671 978 1695 et
990 1668 1016 1695 in

225 1713 407 1741 Macedoniam
433 1713 513 1739 tertio
530 1712 574 1739 die
602 1712 739 1745 discessit,
757 1713 829 1747 quod
854 1720 914 1740 eam
944 1713 1017 1741 bello

224 1762 320 1787 ardere
334 1763 416 1793 atque
431 1766 447 1786 ο
484 1758 611 1786 barbaris
626 1759 726 1786 vastari
747 1759 936 1787 inaudivisset.
955 1758 1015 1787 Jam

223 1811 251 1833 et
264 1804 373 1832 morbus
389 1804 474 1839 ipsum
487 1809 680 1839 occupaverat,
693 1805 719 1831 in
734 1805 864 1840 phthisim
873 1806 1016 1833 vehemen-

224 1857 276 1878 tem
291 1857 418 1885 vergens,
434 1849 625 1884 deiluxumque
653 1857 686 1877 ex
705 1851 795 1885 capite
817 1851 1014 1880 continentem.

224 1896 281 1923 Non
297 1901 387 1923 tamen
402 1896 426 1922 ei
442 1895 598 1928 succubuit,
612 1896 659 1923 sed
686 1896 724 1924 ita
739 1896 766 1924 in
793 1898 944 1925 certamine
966 1905 1016 1933 pro

224 1949 306 1977 regno
326 1949 376 1968 suo
391 1941 560 1976 perduravit,
585 1945 616 1969 ut
643 1943 762 1969 Inaxima
780 1948 861 1978 parta
886 1944 1014 1978 victoria,

222 1987 379 2024 ingentique
403 1988 580 2015 barbarorum
602 1987 676 2015 caede
700 1993 822 2022 peracta,
837 1989 931 2024 majori
953 1997 1014 2018 cum

222 2035 306 2070 gloria
320 2039 436 2062 mortem
458 2034 557 2062 obiret.
581 2033 746 2062 Philarchus
776 2036 872 2064 scribit
901 2044 962 2064 eum
987 2037 1014 2065 in

221 2079 280 2114 ipso
293 2080 388 2114 proelio
402 2079 595 2107 vociferatione
609 2087 708 2115 corpus
725 2081 831 2116 rupisse
843 2089 851 2114 ;
865 2082 937 2116 quod
951 2089 1016 2111 vero

223 2132 277 2152 non
292 2131 334 2152 est
350 2125 495 2153 dissimile.
521 2124 550 2152 III
577 2125 858 2154 confabulationibus-
874 2127 1015 2156 hominum

221 2170 369 2205 ferebatur,
381 2178 441 2198 eum
451 2171 644 2207 postprmlium
659 2171 822 2200 clamantem
838 2180 894 2208 prae
906 2174 1014 2208 gaudio,

220 2216 244 2245 ο
271 2217 410 2252 pulchrum
437 2218 517 2251 diem,
549 2217 662 2245 multum
687 2218 829 2254 sanguinis
851 2220 1011 2254 exspuisse,

220 2269 355 2299 aculaque
371 2264 440 2292 febri
467 2264 631 2292 decessisse.

257 2309 325 2336 Cum
341 2309 500 2337 Cleomenes
512 2310 546 2337 ab
561 2309 697 2344 Antigono
720 2314 864 2345 superatus
879 2309 907 2337 in
925 2309 1010 2346 Egy-

219 2360 294 2391 ptum
308 2356 481 2391 profugisset,
497 2356 574 2384 initio
584 2363 599 2383 a
610 2363 674 2391 rege
682 2364 780 2392 magno
789 2356 1012 2386 honoreaﬂ‘ectus

219 2404 270 2428 est.
289 2400 392 2428 Deinde
407 2400 478 2428 haud
493 2400 573 2435 longo
588 2407 650 2436 post
673 2405 795 2437 tempore
813 2402 874 2430 sine
895 2402 1009 2436 injuria,

221 2449 332 2479 propter
347 2445 468 2480 iniquam
496 2446 701 2480 suspectionem
734 2450 763 2473 et
789 2445 1010 2474 malevolentiam

220 2496 421 2524 accusatorum,
434 2490 578 2519 deﬁciente
591 2499 654 2527 erga
670 2499 732 2520 eum
744 2491 854 2525 aﬂ'eclu,
867 2492 1008 2526 conjeclus

219 2540 260 2564 cst
274 2544 290 2563 a
309 2543 371 2571 rege
390 2536 417 2563 in
441 2543 591 2569 carcerem,
608 2536 642 2563 ad
665 2541 781 2563 mortem
800 2536 941 2570 quaesitus.
960 2535 1009 2564 llle

220 2589 286 2611 Vero
298 2590 359 2611 cum
372 2583 432 2611 aliis
460 2582 596 2610 sexdecim
616 2582 698 2610 sociis
719 2590 782 2610 cum
807 2582 906 2617 gladiis
929 2582 1010 2610 domo

1068 1620 1294 1655 Λακεδαιμονίοις
1324 1619 1523 1656 φιλανθρώπως
1548 1621 1733 1656 χρησάμενος,
1760 1623 1809 1650 καὶ
1837 1624 1868 1649 τὺ

1067 1667 1175 1702 ἀξίωμα
1192 1666 1242 1702 τῆς
1267 1667 1397 1702 Σπάρτης
1416 1667 1446 1693 οὐ
1462 1668 1672 1702 προπηλακίσας
1682 1668 1737 1695 οὐδ’
1754 1670 1866 1705 ἐνυϐρί-

1067 1721 1128 1746 σας,
1146 1712 1215 1740 ἀλλὰ
1232 1712 1280 1740 καὶ
1295 1712 1393 1748 νόμους
1410 1713 1456 1739 καὶ
1473 1712 1609 1739 πολιτείαν
1621 1714 1747 1746 ἀποδοὺς,
1760 1715 1866 1751 ἀνεχώ-

1068 1767 1151 1794 ρησεν
1166 1759 1207 1790 εἰς
1220 1758 1390 1785 Μακεδονίαν
1417 1758 1510 1794 ἡμέρᾳ.
1531 1759 1621 1794 τρίτῃ,
1644 1759 1772 1794 πολέμων
1788 1762 1866 1797 αὐτῷ

1066 1805 1189 1840 φυέντων
1215 1805 1305 1832 ἐκεῖσε
1331 1805 1380 1832 καὶ
1406 1806 1536 1840 παρεῖναι
1551 1805 1732 1840 βιαζομένων.
1748 1808 1822 1844 ’ίιδη
1837 1809 1865 1836 δὲ

1066 1851 1115 1877 καὶ
1135 1850 1165 1877 τὸ
1190 1850 1298 1885 νόσημα
1319 1850 1442 1885 κατεῖχεν
1460 1850 1552 1883 αὐτὸν,
1569 1851 1609 1882 είς
1625 1851 1717 1885 φθίσιν
1741 1852 1864 1889 ἐκϐεϐη-

1066 1895 1114 1927 κὸς
1129 1895 1150 1911 ³⁷
1170 1895 1284 1931 ἰσχυρὰν
1310 1896 1357 1922 καὶ
1385 1896 1540 1931 κατάρρουν
1564 1898 1712 1925 συντεῖνον.
1744 1899 1783 1926 Οὐ
1807 1900 1865 1935 μὴν

1066 1942 1195 1974 ἀπεῖπεν,
1212 1941 1270 1968 ἀλλ’
1279 1941 1432 1977 ἀντήρκεσε
1449 1942 1517 1977 πρὸς
1530 1942 1593 1975 τοὺς
1607 1943 1725 1976 οἰκείους
1739 1945 1863 1980 ἀγῶνας,

1065 1988 1128 2015 ὅσον
1143 1988 1190 2015 ἐπὶ
1200 1986 1262 2023 νίκῃ
1279 1987 1396 2023 μεγίστῃ
1423 1988 1470 2014 καὶ
1496 1988 1569 2024 φόνῳ
1592 1989 1710 2025 πλείστῳ
1723 1990 1780 2017 τῶν
1796 1991 1864 2027 βαρ-

1067 2032 1159 2069 βάρων
1170 2032 1364 2069 εὐκλεέστερος
1392 2033 1551 2066 ἀποθανεῖν,
1581 2034 1620 2066 ὡς
1636 2035 1687 2070 μὲν
1709 2037 1786 2069 εἰκός
1803 2039 1863 2065 ἐστι

1065 2079 1114 2105 καὶ
1123 2078 1249 2112 λέγουσιν
1275 2078 1301 2105 οί
1329 2078 1394 2115 περὶ
1408 2078 1560 2116 Φύλαρχον,
1583 2081 1652 2116 αὐτῇ
1674 2082 1708 2117 τῇ
1721 2084 1788 2118 περὶ
1816 2084 1863 2110 τὸν

1066 2126 1161 2161 ἀγῶνα
1174 2126 1282 2161 κραυγῇ
1293 2126 1323 2152 τὸ
1340 2124 1420 2160 σῶμα
1440 2126 1686 2162 προσαναρρήξας·
1712 2128 1742 2154 ἐν
1759 2129 1788 2155 δὲ
1803 2131 1862 2161 ταῖς

1068 2172 1177 2208 σχολαῖς
1191 2170 1226 2208 ἦν
1237 2171 1347 2198 ἀκούειν
1373 2172 1416 2198 ὅτι
1446 2170 1515 2206 βοῶν
1543 2172 1614 2207 μετὰ
1643 2173 1692 2208 τὴν
1713 2173 1794 2208 νίκην
1810 2175 1861 2201 ὑπὸ

1067 2218 1156 2253 χαρᾶς
1166 2225 1173 2232 ·
1188 2218 1223 2245 Ὠ
1236 2216 1334 2250 καλῆς
1344 2217 1469 2251 ἡμέρας,
1484 2216 1586 2252 πλῆθος
1596 2217 1713 2252 αἱματος
1726 2219 1859 2255 ἀνήγαγε,

1065 2263 1113 2290 καὶ
1129 2262 1249 2297 πυρέξας
1262 2261 1285 2277 ³⁸
1299 2262 1431 2293 συντόνως
1447 2261 1633 2297 ἐτελεύτησεν.

1098 2307 1321 2344 11209u.]"0u
1341 2307 1363 2323 ³⁹
1390 2307 1559 2342 Κλεομένους
1583 2307 1716 2344 Αἰγύπτῳ
1738 2317 1854 2345 προσπε-

1065 2353 1196 2388 φευγότος
1212 2353 1281 2388 μετὰ
1298 2353 1346 2389 τὴν
1372 2353 1418 2380 ὑπ’
1442 2353 1597 2388 Ἀντιγόνου
1621 2351 1721 2390 ἧτταν,
1751 2356 1787 2382 τὰ
1814 2356 1860 2390 μὲν

1066 2399 1164 2434 πρῶτα
1175 2400 1189 2426 ὁ
1205 2399 1333 2435 βασιλεὺς
1353 2399 1493 2434 Αἰγύπτου
1521 2400 1550 2426 ἐν
1566 2402 1632 2436 τιμῇ
1655 2401 1703 2426 καὶ
1716 2401 1859 2434 δεξιώσεσι

1065 2447 1192 2481 περιεῖπε
1216 2445 1262 2472 τὸν
1287 2445 1382 2480 ἄνδρα,
1412 2445 1470 2480 μετ’
1502 2445 1532 2472 οὐ
1561 2446 1628 2473 πολὺ
1654 2446 1682 2474 δὲ
1703 2447 1789 2482 μηδὲν
1806 2447 1858 2473 ἀδι-

1065 2491 1167 2518 κοῦντα
1182 2510 1190 2524 ,
1202 2490 1232 2522 ἐξ
1247 2489 1370 2525 ὑποψιῶν
1385 2490 1492 2524 ἀλόγων
1505 2491 1552 2517 καὶ
1568 2492 1758 2525 συκοφαντιῶν
1772 2493 1796 2507 ⁵⁸
1811 2500 1858 2517 και

1063 2536 1189 2572 κούργων
1205 2534 1456 2571 ὑπορρυῇκόμενος
1466 2535 1516 2570 τῆς
1529 2536 1595 2571 περὶ
1604 2535 1685 2563 αὑτὸν
1700 2535 1858 2568 διαθέσεως,

1065 2583 1094 2608 ἐν
1109 2581 1216 2616 φρουρᾷ
1242 2581 1366 2616 κατεῖχεν
1393 2579 1515 2616 ἀδέσμῳ,
1542 2580 1663 2616 μελετῶν
1690 2582 1752 2607 κατ’
1778 2582 1857 2608 αὐτοὶ

876 2626 994 2656 ῩΑΚΙΑῈ
1013 2627 1218 2655 LEC'I'IOIVES.

257 2677 280 2694 ἰ
294 2676 385 2711 ζητεῖν
409 2675 432 2701 Α
452 2681 460 2701 :
484 2674 633 2711 ζητοῦντας
646 2684 676 2708 ς’.

219 2713 238 2738 Α
304 2709 326 2727 ³⁸
338 2711 460 2745 ἐπεμψεν
473 2709 517 2743 gf
556 2711 578 2726 "
595 2709 795 2745 μεταῦαλόντες
813 2709 846 2737 B:

219 2748 241 2763 δ’
265 2747 439 2783 Ἀρταξέρξου
454 2755 486 2778 ς.
522 2745 545 2783 'f
558 2745 610 2777 ὅτι]
624 2753 651 2783 _c_.
667 2753 740 2783 κνιιἒ
765 2746 858 2783 ιῗ-δτι]
873 2752 984 2783 c._xxv_.‘
997 2747 1016 2783 ut

1074 2753 1086 2778 τι

218 2784 238 2810 Α
252 2793 258 2810 :
273 2779 442 2818 ὲρσεῦληκύς
454 2790 485 2814 ς.
523 2780 545 2800 ³⁸
561 2780 692 2817 πυρέξας]
705 2781 761 2817 πῦρ
777 2779 878 2816 ἐξάψας
890 2780 923 2807 Α.
962 2780 984 2795 ³³
995 2780 1047 2814 ὅτι]
1061 2788 1085 2807 c.
1105 2787 1189 2807 χχιιι.

732 2674 756 2691 ¹⁵
773 2666 922 2710 τρέπεσθαι
936 2674 959 2700 Α
979 2673 1148 2710 εγφαίνετθαι
1172 2673 1354 2710 ἠλλοιωμένον
1373 2681 1408 2710 νς.

873 2709 1088 2744 μεταὸἁλλοντες
1110 2718 1140 2741 ς.

1468 2672 1492 2688 ’⁸
1507 2671 1559 2704 ὅτι]
1570 2680 1593 2698 c.
1608 2679 1666 2700 LIII.
1720 2673 1743 2688 ⁸⁷
1760 2682 1790 2700 τε
1807 2680 1857 2700 om.

1193 2709 1215 2724 ³⁰
1231 2707 1280 2735 τόν
1291 2710 1332 2736 A:
1349 2709 1379 2734 τό
1392 2716 1422 2740 ς.
1475 2707 1496 2723 ³⁸
1522 2707 1623 2742 ἀνῆγον
1646 2709 1667 2735 Α
1682 2717 1689 2735 :
1708 2708 1812 2743 ἀνῆρον
1826 2716 1856 2739 ς.

1089 2745 1114 2770 πί
1129 2752 1184 2771 om.
1203 2746 1236 2770 A.
1275 2748 1298 2765 ³·
1313 2745 1366 2778 ὅτι]
1381 2745 1520 2780 ιὶιερηιιιη.
1534 2751 1560 2770 c.
1573 2750 1635 2770 xxx.
1674 2743 1696 2760 ³⁷
1707 2743 1856 2780 ἐκὸεϐηιός

1242 2780 1266 2796 ⁵ο
1281 2778 1455 2814 συκοφαντῶν
1470 2787 1501 2810 ς.

971 2827 1084 2855 NOT/E.

255 2875 311 2912 (76)
324 2876 362 2904 Ex
378 2876 462 2912 Agidc
477 2875 615 2906 Plutarchi
638 2876 705 2905 nihil
724 2874 861 2911 cxcei'psit
880 2874 1004 2904 Photius.
1024 2873 1099 2911 (Edit
1117 2873 1285 2910 Rutlwmug.)
