1923 3093
71 161 144 194 1ί57

607 166 867 200 BIBLIOTHECA.
887 182 923 189 —
940 170 1022 202 COD.
1038 170 1166 203 CCXLV:

1631 170 1699 205 1458
1714 207 1717 210 _

69 218 198 246 θάνατον.
217 218 248 248 ’0
275 220 304 247 δὲ
328 221 398 256 μετά
420 231 501 249 τινων
527 222 672 255 ἑξκαίδεκα
696 225 750 252 τῶν
775 225 850 253 αὕτοί

909 227 1050 260 exsiliens,
1066 235 1115 263 per
1129 227 1204 256 vicos
1217 228 1314 260 currit.
1328 231 1356 255 et
1364 227 1397 255 ad
1409 227 1562 256 libertatem
1571 224 1714 264 populmn’

67 264 190 300 ἑταίρων
201 265 358 302 ἐκπηδήσας
380 267 449 302 μετά
471 267 556 302 ξιφῶν
580 269 627 295 τοῦ
642 270 790 305 οἰκήματος
805 271 860 298 ἔθει

68 310 124 344 μὲν
138 310 183 337 διὰ
197 311 246 346 τῆς
258 312 371 346 ἀγορᾶς.
387 313 434 340 καὶ
453 314 516 345 τοὺς
546 314 656 346 πολίτας
671 315 719 341 καὶ
738 316 801 348 τοὺς
812 317 861 344 ἆλ-

65 355 134 387 λους
151 357 191 387 είς
217 356 372 392 ἐλευθερίαν
401 358 511 385 ἐκάλει·
529 360 554 386 οἰ
568 359 597 386 δὲ
619 359 742 395 ἐπῄνουν
749 361 799 397 μὲν
812 363 861 398 τὴν

64 401 185 436 γνώμην
198 402 246 429 καῖ
261 402 415 437 ἐθαύμαζον
427 404 457 430 τὸ
471 406 699 439 γενναῖον,ούδεὶς
714 407 805 442 μέντοι
817 407 862 435 διὰ

63 447 113 473 τὸν
129 447 161 473 ἐκ
176 447 227 482 τῆς
240 449 396 484 τυραννίδος
413 450 494 484 φόϐον
505 451 606 486 ἐτόλμα
622 453 858 482 συνεπιλαϐέσθαι.

69 491 229 524 ’Δνελόντες
244 493 267 519 δ’
292 493 338 520 οὖν
363 494 430 526 τοὺς
447 495 487 526 είς
515 497 609 532 χεῖρας
621 496 747 529 ἐλθόντας
765 497 788 514 ⁸¹
813 499 861 525 καὶ

61 536 112 564 δύο
127 537 184 564 τῶν
205 538 346 574 ἐχθίστων,
379 539 477 567 πολλοῦ
499 541 663 578 συρρυέντος
689 543 733 569 ἐπ’
761 543 860 576 αὐτοὺς

61 582 198 618 πλήθους,
220 584 265 610 καὶ
280 584 395 618 πολλοὺς
421 586 572 620 ἀνελόντες,
596 588 644 614 καὶ
656 589 734 616 αὐτοὶ
745 590 859 618 κατεκό·

59 636 172 663 πησαν,
203 627 263 657 εἶτα
296 631 542 668 ἁνεσταυρώθησαν
565 633 599 661 δ’.
632 634 752 669 Ὀλίγαις
782 635 806 652 ⁸³
829 635 858 663 δὲ

60 674 182 710 ὕστερον
194 676 312 711 ἡμέραις
322 678 347 704 οι
357 677 388 704 τὺ
401 679 481 714 σῶμα
492 678 539 706 τοῦ
549 679 718 716 Κλεομένους
728 681 858 708 ἀνεσταυ-

61 720 193 755 ρωμένον
206 722 463 756 παραφυλάττοντες
486 722 557 751 εἶδον
571 726 709 762 εὐμεγέθη
723 727 857 764 δράκοντα

58 767 93 800 τῇ
106 766 216 802 κεφαλῇ
245 768 501 804 περιπεπλεγμένον
526 771 574 798 καὶ
600 772 812 807 ἀποκρύπτοντα
826 774 858 801 τὸ

59 811 223 846 πρόσωπον,
239 812 310 840 ὥστε
325 813 408 849 μηδὲν
421 814 515 850 ὄρνεον
537 815 704 851 ἐφίπτασθαι
716 820 857 854 σαρκοφά-

59 865 122 891 γον.
144 859 191 885 Ἐκ
215 859 243 885 δὲ
267 859 364 886 τούτου
380 859 576 896 δεισιδαιμονία
587 863 741 898 προσέπεσε
753 864 792 899 τῷ
809 865 857 900 βα-

58 904 133 931 σιλεῖ
149 905 198 932 καὶ
213 905 304 939 φόϐος,
319 905 357 937 ὡς
367 906 464 942 ἀνδρὸς
476 907 649 943 ἀνῃρημένου
659 909 797 945 θεοφιλοῦς
809 912 856 938 καὶ
873 902 893 930 Β

57 950 220 985 κρείττονος
233 950 282 987 τὴν
299 951 389 985 φύσιν.
405 952 438 979 οι
461 952 490 979 δὲ
513 953 697 990 Ἀλεξανδρεῖς
708 955 757 982 καὶ
770 965 855 992 προσ-

56 995 211 1031 ετέρποντο
225 997 382 1031 φοιτῶντες,
397 998 476 1034 ἥρωα
489 999 535 1026 τὸν
550 1000 707 1037 Κλεομένην
722 1003 769 1029 καὶ
785 1003 854 1030 θεῶν

56 1041 150 1068 παῖδα
164 1042 426 1078 προσαγορεύοντες,
443 1044 523 1080 ἄχρις
531 1042 561 1073 οὗ
569 1047 746 1074 κατέπαυσαν
754 1048 854 1081 αὐτοὺς

55 1087 81 1113 οί
98 1087 264 1123 σοφώτεροι.
282 1088 399 1121 διδόντες
415 1089 494 1124 λόγον
507 1090 545 1122 ὼς
570 1091 698 1124 μελίττας
713 1093 762 1128 μὲν
780 1093 851 1129 βόες,

57 1132 173 1168 σφῆκας
196 1134 224 1160 δὲ
244 1133 323 1160 ἵπποι
349 1135 538 1168 ἁποσαπέντες
552 1135 706 1170 ἐξανθοῦσι,
721 1138 852 1175 κάνθαροι

54 1178 83 1205 δὲ
97 1179 131 1205 τὸ
147 1179 213 1205 αὐτὸ
225 1179 366 1206 παθόντων
382 1180 451 1207 ὄνων
462 1181 486 1198 ⁸⁵
500 1182 706 1216 ζωογονοῦνται,
718 1184 752 1211 τὰ
763 1185 791 1211 δὲ
802 1186 850 1212 ἀν-

56 1222 188 1258 θρώπινα
202 1222 317 1259 σώματα
333 1225 397 1261 περὶ
408 1226 453 1253 τὸν
480 1226 580 1262 μυελὸν
602 1227 708 1263 ίχώρων
731 1230 852 1266 συρροήν

911 277 1001 300 vocat.
1019 272 1142 300 Laudant
1154 273 1340 308 miranturque
1354 273 1428 301 cives
1440 273 1598 302 Cleomenis
1613 275 1699 301 auda-

910 319 980 347 ciam
994 323 1022 346 et
1049 319 1181 352 animum,
1199 320 1275 353 sequi
1292 324 1322 346 et
1344 326 1423 355 opem
1453 320 1526 348 ferre
1548 327 1631 347 ausus
1655 325 1698 347 est

910 371 990 392 nemo
1006 369 1078 392 metu
1099 364 1217 400 tyranni.
1238 365 1277 392 Illi
1289 370 1378 393 autem
1394 366 1488 393 obvios
1500 373 1622 402 quosque
1638 371 1696 394 tru-

909 411 1043 443 cidarunt,
1060 415 1089 438 et
1109 411 1180 438 inter
1196 418 1243 438 eos
1260 411 1327 439 duos
1348 411 1563 444 inimicissimos,
1580 419 1696 446 cumque

909 463 1034 491 magnam
1047 456 1081 483 ad
1093 463 1124 484 se
1138 456 1316 484 conﬂuentem
1340 457 1480 485 hominum
1494 457 1695 485 multitudinem

909 502 1129 535 interfecissent.
1147 504 1255 531 tandem
1267 504 1349 532 etiam
1376 503 1510 531 interfecti
1536 508 1610 537 sunt,
1626 509 1654 531 et
1668 504 1694 531 in

909 555 1016 576 crucem
1030 549 1093 577 acti.
1110 549 1174 577 Post
1187 549 1245 577 dies
1259 549 1332 577 haud
1342 549 1475 582 multos,ii
1489 549 1535 584 qui
1551 550 1578 577 in
1586 557 1694 577 crucem

908 600 997 623 actum
1012 602 1110 630 corptts
1125 595 1279 624 Cleomenis
1292 595 1579 629 custodiebantJustae
1590 597 1695 631 magni-

909 641 1011 669 tudinis
1027 642 1174 669 draconem
1194 641 1321 669 viderunt
1346 645 1427 676 caput
1450 641 1510 676 ejus
1536 641 1694 675 circumpli-

907 694 997 720 casse,
1012 686 1164 722 faciemque
1181 687 1332 722 operuisse,
1350 687 1386 714 ita
1413 691 1443 715 ut
1457 687 1531 714 nulla
1550 687 1694 715 caruivora

907 733 966 761 avis
991 734 1142 761 αὐτοῖσι-οι.
1168 733 1196 760 Id
1223 733 1446 768 superstitionem
1474 732 1530 767 regi
1556 731 1650 767 injecit
1667 736 1695 758 et

907 783 1020 813 metum,
1030 779 1101 815 quod
1118 779 1159 806 vir
1170 779 1221 807 diis
1233 779 1332 806 charus
1341 783 1369 806 et
1385 779 1485 815 ηοοα
1500 777 1695 812 prmstantioris

906 823 1031 851 humana:
1046 829 1149 852 natura:
1169 824 1328 851 interiectus
1346 823 1498 851 videbatur.
1515 822 1694 850 Alexandrini

906 868 988 896 etiam
998 868 1152 903 frequentes
1168 869 1201 897 ad
1209 876 1271 896 eum
1283 870 1371 896 locum
1380 873 1576 901 commeantes.
1583 869 1694 896 heroem

908 913 1080 942 Cleomenem
1105 920 1134 942 et.
1161 915 1272 942 deorum
1303 915 1387 942 lilium
1430 913 1603 949 appellavere
1631 917 1693 941 tan-

908 960 1004 996 tispcr,
1030 961 1094 988 dum
1109 968 1171 988 eum
1199 968 1321 988 errorem
1345 960 1482 988 doctiores
1507 960 1688 991 minuerunt,

907 1006 1036 1034 docentes
1066 1006 1221 1040 putrefacto
1247 1006 1325 1034 bovis
1352 1007 1487 1034 cadavere
1523 1006 1600 1041 apcs.‘
1629 1006 1692 1041 equi

906 1059 1014 1086 Vu'spas,
1034 1052 1256 1080 asiniscarabeos
1267 1052 1392 1087 generari
1409 1061 1416 1079 :
1435 1052 1461 1079 in
1478 1051 1693 1079 ltumanoautem

904 1105 1021 1133 corpore
1040 1097 1192 1126 conﬂuente
1207 1098 1295 1131 sanie,
1309 1106 1369 1133 qua:
1386 1103 1427 1125 est
1444 1098 1518 1125 circa
1533 1097 1691 1129 medullam.

903 1147 932 1170 et
948 1143 975 1170 in
993 1151 1074 1170 unum
1093 1143 1261 1171 coalescente
1274 1150 1375 1178 angues
1402 1143 1489 1176 nasci,
1512 1143 1538 1171 id
1557 1142 1629 1178 quod
1651 1142 1694 1169 in-

905 1188 1055 1223 lelligentes
1063 1189 1177 1224 antiqui,
1188 1189 1348 1217 etomnibus
1356 1189 1538 1216 animantibus
1546 1188 1691 1216 draconem

904 1233 1076 1267 potissimum
1087 1234 1218 1262 heroibus
1234 1237 1465 1261 consecraverunt
1479 1233 1549 1268 (77).

54 1277 118 1297 τινα
131 1270 181 1297 καὶ
195 1270 324 1298 σύστασιν
338 1272 367 1299 ὲν
391 1273 498 1305 ἑαυτοῖς
512 1273 651 1302 λαϐόντων
664 1275 740 1310 ὄφεις
754 1277 909 1306 ἀναδίδωσι.
924 1279 979 1307 Καὶ
991 1280 1072 1308 τοῦτο
1094 1279 1249 1313 κατιδόντες
1280 1280 1306 1307 οἱ
1345 1279 1456 1307 παλαιοὶ
1485 1280 1603 1316 μάλιστα
1637 1279 1692 1306 τῶν

56 1316 139 1348 ζώων
154 1316 200 1343 τὸν
212 1316 346 1352 δράκοντα
360 1319 416 1352 τοῖς
427 1320 515 1356 ἥρωσι
529 1321 733 1358 συνῳκείωσαν.

272 1372 336 1410 [655
351 1374 399 1412 11.]
420 1375 472 1404 Ἕκ
485 1377 538 1405 τοῦ
555 1378 651 1406 Τίτου.

90 1431 157 1458 Ὀτι
170 1431 194 1448 ⁸³
212 1431 340 1467 Ἰσθμίων
356 1432 499 1468 ἀγομένων
514 1434 617 1470 πλῆθος
635 1435 685 1471 μὲν
700 1435 852 1472 ἀνθρώπων

55 1477 84 1503 ἒν
97 1477 142 1512 τῷ
157 1478 257 1513 σταδίῳ
273 1478 392 1513 καθῆστο
421 1479 467 1506 τδν
484 1480 617 1516 γυμνικὸν
634 1481 728 1516 ἀγῶνα
742 1483 851 1519 θεωμέ-

55 1531 120 1556 νων,
145 1523 193 1550 ἆτε
224 1523 269 1550 διά
297 1524 400 1560 χρόνων
415 1525 594 1561 πεπαυμένης
610 1527 633 1543 ⁵⁸
657 1527 706 1562 μὲν
723 1527 852 1564 πολέμων

54 1569 104 1604 τῆς
127 1569 264 1603 Ἑλλάδος,
280 1571 310 1597 ὲν
327 1570 348 1586 ⁸⁷
363 1571 504 1607 ἐλευθερίᾳ
527 1572 556 1599 δὲ
580 1574 662 1607 σαφεῖ
682 1574 730 1601 καὶ
754 1575 851 1612 είρήνῃ

55 1615 297 1651 πανηγυριζούσης
308 1625 316 1632 ·
331 1618 364 1652 τῇ
377 1605 509 1652 σάλπιγγι
519 1618 547 1645 δὲ
558 1605 663 1653 σιωπῆς
672 1620 712 1651 είς
724 1619 748 1637 ⁸³
863 1605 886 1636 c

54 1666 104 1690 τας
119 1659 290 1695 διαδοθείσης
302 1660 440 1696 προελθὼν
470 1663 510 1694 εἰς
526 1663 608 1698 μέσον
622 1665 648 1680 ⁸⁵
659 1665 674 1691 ὁ
684 1665 773 1701 κῆρυξ
802 1666 849 1693 ἀν-

56 1704 134 1730 εῖπεν
150 1705 190 1731 ὃτι
205 1705 350 1740 Ῥωμαίων
369 1707 386 1741 ἠ
407 1707 561 1743 σύγκλητος
581 1710 628 1736 καὶ
642 1710 722 1742 Τίτος
738 1711 850 1744 Κόϊντος

57 1750 212 1786 στρατηγὸς
237 1750 349 1785 ὕπατος,
379 1753 657 1791 καταπολεμήσαντες
682 1756 794 1792 βασιλέα
804 1759 850 1786 Φί-

55 1795 158 1823 λιππον
182 1797 231 1823 καὶ
257 1798 426 1832 Μακεδόνας,
453 1800 567 1834 ἀφιᾶσιν
590 1802 783 1839 ἀφρουρήτους
801 1806 850 1832 καὶ

57 1841 217 1876 ἐλευθέρους
232 1844 280 1869 καὶ
293 1844 512 1881 ἀφορολογήτους
522 1847 585 1878 τοὺς
595 1847 740 1884 Ἕλληνας,
756 1850 849 1884 νόμοις

54 1887 215 1923 χρωμένους
226 1890 283 1921 τοῖς
297 1890 434 1926 πατρίοις,
461 1891 634 1927 Κορινθίους,
648 1894 780 1930 Λοκροὺς,
795 1896 848 1922 Εὐ-

55 1932 148 1965 ϐοέας,
163 1934 279 1966 Φωκεῖς,
303 1935 439 1970 Ἀχαιοὺς,
455 1936 590 1970 Φθιώτας,
608 1939 768 1975 Μάγνητας,
782 1940 849 1968 Θετ-

54 1979 166 2011 ταλοὺς,
182 1980 362 2016 Περῥαίϐους.
387 1981 424 2009 Τὸ
444 1983 493 2018 μὲν
509 1981 556 2011 οὖν
576 1984 684 2020 πρῶτον
701 1986 732 2012 οὺ
746 1986 849 2018 πάντες

54 2024 114 2051 οὐδὲ
129 2025 223 2058 σαφῶς
241 2026 372 2061 ἥκουσαν,
390 2027 448 2054 ἀλλ’
467 2029 609 2064 ἀνώμαλος
629 2031 676 2058 καὶ
693 2031 848 2068 θορυϐώδης

54 2070 164 2105 κίνησις
172 2068 206 2106 ἦν
218 2072 247 2098 ὲν
261 2072 300 2107 τῷ
315 2073 414 2108 σταδίῳ
429 2074 625 2110 θαυμαζόντων
634 2077 682 2104 καὶ
698 2077 847 2105 διαπυνθα-

54 2116 179 2150 νομένων
193 2117 240 2144 uel.
257 2118 339 2146 πάλιν
353 2119 477 2146 ἀνειπεῖν
488 2122 664 2150 κελευόντων.
680 2123 724 2156 Ὠς
736 2124 758 2151 δ’
773 2123 848 2157 ἅπαξ

54 2161 171 2197 ἡσυχίας
177 2164 324 2200 γενομένης
332 2165 478 2199 ἀναγαγὼν
492 2167 506 2193 ὁ
516 2167 603 2202 κῆρυξ
614 2168 664 2204 τὴν
677 2168 768 2204 φωνὴν
778 2178 846 2206 προ-

54 2206 206 2242 θυμότερον
220 2209 259 2240 εις
270 2209 393 2241 ἅπαντας
406 2211 561 2248 ὲγεγώνησε
572 2213 716 2249 καὶὲδιῆλθε
726 2214 847 2251 τὺςκήρυ-

54 2260 122 2286 γμα,
137 2253 245 2288 κραυγὴ
255 2254 304 2289 μὲν
311 2255 424 2288 ἄπιστος
439 2257 469 2284 τὸ
479 2258 641 2293 μέγεθοςδιά
652 2261 739 2296 χαρὰν
749 2260 846 2297 ἐχώρει

56 2298 137 2333 μέχρι
160 2299 299 2334 θαλάσσης
310 2301 343 2334 ⁸⁸,
359 2302 439 2338 ὀρθὸν
462 2303 490 2330 δὲ
514 2304 670 2341 ἀνειστήκει
683 2306 713 2333 τὺ
724 2305 847 2342 θέατρον,

54 2344 141 2375 οὐδεὶς
152 2343 182 2370 δὲ
200 2344 279 2379 λόγος
295 2343 330 2382 ἦν
343 2347 397 2373 τῶν
416 2348 634 2384 ἀγωνιζομένων,
648 2350 777 2378 ἔσπευδον
787 2351 816 2378 δὲ
825 2352 847 2368 ⁵¹

56 2388 156 2421 πάντες
168 2389 341 2426 ἀναπηδῆσαι
353 2393 399 2418 καὶ.
407 2392 637 2426 δεξιώσασθαικαὶ
654 2397 815 2431 προσειπεῖν
823 2397 847 2413 ⁵³

55 2434 99 2461 τὴν
108 2435 221 2470 σωτῆρα
237 2437 287 2471 τῆς
304 2437 428 2470 Ἑλλάδος
442 2440 488 2466 καὶ
507 2440 660 2476 πρόμαχον.
677 2441 714 2468 Τὸ
731 2442 761 2469 δὲ
779 2443 846 2469 πολ-

55 2480 134 2513 λάκις
149 2481 297 2517 λεγόμενον
312 2484 352 2515 είς
363 2485 517 2520 ὑπερϐολὴν
531 2487 579 2512 καὶ
599 2486 713 2522 μέγεθος
723 2489 773 2523 τῆς
785 2497 844 2524 φω-

55 2526 100 2560 νῆς
113 2526 194 2562 ὤφθη
203 2528 263 2554 τότε
278 2537 284 2542 ·
300 2528 383 2564 [1212
399 2529 445 2566 8.]
461 2531 578 2565 κόρακες
594 2531 649 2567 γὰρ
662 2533 844 2568 περιπετόμε-

55 2580 94 2598 vol.
106 2574 178 2600 κατὰ
196 2573 280 2610 τύχην
293 2575 390 2602 ἔπεσον
400 2577 439 2608 εἰς
455 2576 485 2602 τὸ
498 2576 615 2604 στάδιον.
635 2577 715 2605 Δίτία
728 2578 750 2605 δ’
769 2579 786 2614 ἡ
796 2579 842 2606 τοῦ

1149 1373 1192 1401 Ex
1207 1372 1261 1401 Titi
1284 1371 1445 1402 Flaminini.

937 1431 1005 1460 Cum
1019 1430 1132 1459 Isthmia
1161 1431 1379 1464 celebrarentur,
1395 1438 1427 1458 ac
1441 1429 1585 1457 multitudo
1599 1429 1690 1457 homi-

903 1485 967 1505 num
978 1477 1005 1505 in
1021 1477 1111 1505 stadio
1134 1477 1303 1505 consedisset
1321 1475 1463 1512 spectandi
1486 1475 1604 1511 gymnici
1629 1482 1692 1503 cer-

903 1523 1015 1551 taminis
1032 1530 1126 1555 causa,
1142 1530 1175 1551 eo
1194 1523 1290 1558 magis,
1301 1522 1374 1557 quod
1387 1522 1433 1549 illo
1449 1527 1570 1557 tempore
1586 1521 1690 1550 Gracia

904 1576 920 1596 a
941 1568 1023 1596 bellis
1038 1568 1165 1600 vacabat,
1199 1575 1330 1602 spemque
1358 1567 1494 1595 libertatis
1520 1566 1688 1601 propositam

902 1621 1027 1647 cernens,
1051 1612 1196 1642 manifesta
1213 1613 1239 1640 in
1256 1620 1321 1648 pace
1347 1613 1418 1640 diem
1443 1612 1542 1640 festum
1571 1612 1690 1647 agebat:

902 1665 1045 1696 pastquam
1060 1660 1123 1687 tuba
1136 1659 1272 1687 silentium
1289 1659 1408 1694 undique
1422 1664 1464 1687 est
1491 1658 1605 1690 factum.
1627 1665 1691 1693 pro-

901 1713 1011 1742 gressus
1026 1706 1055 1733 in
1075 1705 1192 1733 medium
1205 1712 1294 1740 praeco
1309 1707 1343 1732 ita
1358 1704 1556 1739 pronuntiavit:
1574 1703 1690 1731 Senatus

901 1753 1043 1782 Romanus
1055 1757 1082 1780 et
1099 1751 1178 1779 'Iitus
1193 1751 1337 1785 Quinctius
1353 1751 1502 1786 imperator
1518 1750 1623 1783 consul,
1642 1750 1689 1777 de-

900 1801 973 1828 victo
996 1799 1122 1835 Philippo
1143 1804 1171 1827 et
1197 1798 1402 1829 Macedonibus.
1432 1798 1535 1832 absque
1556 1796 1689 1832 praesidiis

900 1854 961 1875 esse
971 1845 1084 1878 liberos,
1100 1851 1127 1874 et
1146 1846 1292 1879 immunes,
1306 1846 1363 1873 suis
1375 1844 1480 1878 legibus
1498 1845 1588 1871 vivere
1601 1843 1689 1878 jubet,

900 1893 1068 1925 Corinthios,
1082 1892 1193 1924 Locros,
1204 1892 1369 1924 Phocenses,
1378 1891 1555 1922 Eubmenscs,
1565 1890 1688 1920 Aclmos.

900 1939 1056 1969 Phthiotas.
1084 1937 1233 1973 Magnetas,
1259 1936 1418 1970 Thessalos,
1439 1935 1610 1963 Perrhaebos.
1626 1934 1688 1962 Pri-

901 1990 974 2010 mum
991 1990 1082 2018 neque
1106 1989 1202 2011 omnes
1222 1981 1314 2016 plane,
1330 1988 1421 2016 neque
1451 1980 1573 2016 perfecte
1592 1988 1688 2008 vocem

900 2029 1033 2064 praeconis
1059 2029 1263 2062 exaudierunt;
1286 2031 1400 2062 eratque
1424 2026 1579 2062 promiscua
1602 2031 1630 2054 et
1647 2030 1689 2053 tu—

900 2074 1044 2103 multuaria
1065 2073 1092 2101 in
1110 2073 1199 2101 stadio
1211 2073 1358 2101 commotio
1373 2071 1578 2103 admirantium,
1597 2071 1689 2098 scisci-

900 2121 1027 2152 tantium,
1041 2121 1180 2155 repetique
1189 2119 1308 2147 edictum
1323 2118 1501 2154 poscentium.
1511 2116 1547 2145 Ut
1563 2124 1628 2145 vero
1638 2117 1689 2144 ite~

899 2175 972 2200 rum,
988 2166 1060 2194 facto
1068 2166 1186 2198 silentio,
1202 2165 1290 2192 altiori
1300 2172 1367 2192 voce
1376 2164 1470 2191 eadem
1481 2171 1571 2197 praeco
1583 2162 1688 2197 procla-

899 2212 994 2246 mavit,
1003 2212 1215 2246 exauditumque
1221 2215 1262 2239 est
1272 2211 1304 2238 ab
1311 2210 1437 2237 omnibus
1443 2210 1574 2240 edictum.
1584 2212 1686 2241 tantus.

898 2262 1030 2293 quantum
1037 2257 1166 2285 credibile
1173 2257 1216 2285 vix
1227 2257 1272 2290 sit,
1287 2257 1390 2284 clamor
1400 2264 1454 2291 prae
1462 2255 1552 2283 laetitia
1564 2255 1686 2283 omnium

898 2309 1020 2337 exortus,
1041 2303 1075 2332 ad
1091 2310 1165 2331 mare
1174 2310 1259 2338 usque
1273 2302 1402 2338 pervasit.
1419 2302 1557 2336 Quotquot
1568 2301 1595 2328 iu
1608 2301 1686 2328 thea-

896 2354 938 2378 tro
948 2354 1035 2382 erant,
1048 2356 1224 2377 assurrexere
1243 2355 1349 2382 omnes,
1370 2355 1457 2383 neque
1473 2347 1528 2381 jam
1540 2347 1685 2382 quisquam

895 2396 1058 2424 certantiutn
1070 2396 1227 2431 spectaculo
1250 2395 1403 2427 tenebatur,
1424 2394 1550 2429 prcsilire
1576 2401 1685 2426 omnes,

895 2441 1021 2476 amplecti
1035 2445 1062 2468 et
1077 2440 1178 2475 alloqui
1189 2439 1301 2468 Graecia.-
1310 2444 1476 2467 servatorem
1486 2443 1568 2474 atquc
1585 2446 1686 2473 propu-

897 2491 1036 2521 gnatorem
1054 2484 1344 2521 properabant.Atque
1359 2491 1391 2511 eo
1411 2488 1533 2518 tempore
1545 2483 1571 2511 id
1585 2490 1614 2510 re
1627 2483 1683 2517 ipsa

897 2532 1033 2566 apparuit,
1050 2532 1122 2567 quod
1139 2531 1172 2558 de
1194 2531 1330 2558 immenso
1346 2530 1544 2564 immodicoque
1564 2529 1684 2557 clamore

897 2579 949 2606 dici
965 2578 1043 2606 solet.
1060 2577 1141 2605 Corvi
1153 2577 1224 2605 enim
1236 2576 1347 2612 quigtum
1360 2575 1430 2603 forte
1444 2574 1683 2607 umtervolabant,

706 2647 824 2676 νΑιιιΑς
838 2647 1045 2676 LECTIONES.

89 2698 111 2736 1'
127 2700 223 2736 χεῖρας
240 2702 287 2728 καὶ
300 2701 426 2734 ἐλθόντας
443 2712 474 2736 ς,

526 2707 548 2724 δ’
561 2701 621 2743 εἶτα
632 2706 879 2743 ἀνεσταυρώθησαν
892 2715 936 2743 om
965 2707 998 2734 Α.

1047 2710 1072 2727 οι
1082 2705 1196 2742 siqua]
1207 2713 1232 2733 ε.
1246 2705 1292 2734 59.
1330 2707 1354 2725 ⁸⁸
1365 2703 1488 2742 βνφνᾹ²
1503 2701 1640 2742 “mih”?
1652 2710 1681 2742 ῖῖ

58 2729 241 2779 ςδτίῃοιιρ,
269 2737 295 2779 u_
310 2729 539 2779 πεπαυμέίδνρτ.
557 2729 1060 2779 Ᾱζ’”δ’ἐῦὶι“αἱὶἷὶζ¹”ῖηέῐξ]’τὲῥέςΒ.
1083 2729 1324 2777 ’ίέῑέῖλεῑξῑιΐς
1362 2729 1580 2774 Manass-
1619 2729 1683 2762 δ’δὲ

57 2776 110 2795 om.
131 2772 164 2798 Α.
215 2771 238 2787 ⁵³
252 2772 300 2799 καὶ
315 2771 474 2808 προσειπεῖν
491 2771 547 2803 om.
563 2775 597 2803 A.

814 2818 929 2845 NOTAE.

93 2872 149 2906 (77ὶ
165 2871 229 2901 Vide
250 2872 452 2909 llarapolinem,
468 2876 515 2904 lib.
537 2885 567 2912 tt,
581 2885 641 2913 cap.
666 2877 712 2911 64,
726 2881 754 2906 et
776 2877 918 2913 Ungeuem
935 2878 1033 2906 Contra
1047 2877 1165 2912 Celsum,
1183 2877 1231 2906 lib.
1246 2885 1281 2906 tv.
