1923 3093
122 139 193 172 1469
650 145 912 179 BIBLIOTHECA.

987 148 1068 179 COD.
1088 148 1232 181 CCXLVI.
1691 150 1759 186 1470

120 197 216 229 eam;
235 198 263 224 δὲ
280 199 337 225 ἀντ’
353 199 502 235 ἀσφαλείας
525 200 664 236 έλὸμενοι,
688 202 862 239 δικαιοσύνην
884 204 912 231 δὲ

970 205 1018 233 Sed
1041 212 1076 232 ne
1097 206 1161 241 quid
1177 206 1285 233 aliunde
1298 206 1443 240 adducam,
1467 206 1532 235 huic
1543 207 1589 236 uni
1600 207 1758 244 inhaeream,

121 244 184 270 ἀντὶ
208 244 258 280 τῆς
273 244 404 279 βασιλέως
425 247 560 282 τοσαύτης
581 247 911 283 φιλανθρωπίας.’Δλλ¹⁶⁰

970 250 997 277 ιι]
1035 254 1162 278 caateram
1189 259 1222 279 ac
1246 251 1403 279 continuam
1432 252 1565 281 orationis
1587 257 1692 288 partem
1716 261 1760 281 me

121 289 168 316 ἵνα
184 290 222 326 μὴ
236 290 317 318 πλέον
326 291 348 307 ⁶¹
364 291 419 318 τῶν
433 292 591 326 ἀναγκαίων
607 295 823 329 παραιτούμενος
837 296 912 332 αὐτῷ

970 302 1131 325 convertam.
1161 297 1214 325 Sed
1240 298 1267 325 in
1290 299 1362 326 hunc
1384 306 1538 327 sermonem
1559 306 1629 334 pene
1658 300 1759 327 invitus

121 335 209 370 τούτῳ
236 336 366 371 μηκύνω,
388 338 457 373 πρὸς
479 338 542 370 τοὺς
568 339 630 374 ἑξῆς
639 340 661 356 ⁵³
680 340 735 367 τῶν
755 340 842 375 λόγων
864 342 911 369 καὶ

970 343 1062 376 recidi,
1084 344 1250 372 narrationis
1268 345 1339 372 serie
1356 345 1442 379 magis
1458 353 1539 379 quam
1555 345 1696 374 voluntate
1709 346 1759 373 du—

122 383 246 416 συνεχεῖς
262 383 309 410 καὶ
324 383 356 419 δὴ
371 384 606 419 τρέψομαι.Ἀλλὰ
617 385 639 400 ⁸³
655 385 709 422 γὰρ
727 386 843 414 ἐνταῦθα
860 387 912 422 μὲν

970 394 1036 421 ctus,
1054 398 1114 417 cum
1131 398 1303 426 nequaquam
1326 391 1378 419 huc
1394 391 1545 419 tenderem.

122 429 218 464 ὥσπερ
232 429 306 457 ἄκων
323 431 460 464 ἐνέπεσον,
475 432 523 458 καὶ
536 431 597 459 καθ’
611 431 671 459 ὁδὸν
685 433 732 460 τοῦ
747 433 827 468 λόγου
840 433 942 470 μᾶλλον
950 433 1009 451 “'"
1022 437 1038 471 ἢ
1057 437 1248 473 προειδόμενος
1259 446 1265 452 ·
1285 437 1315 465 ού
1343 438 1366 454 ⁸⁸
1388 437 1443 473 γὰρ
1478 438 1518 470 είς
1553 438 1633 466 τοῦτο
1641 437 1663 454 ⁸⁷
1686 437 1759 473 ὁρῶν

120 476 288 511 ἠπειγόμην.

156 522 208 583 μδ
230 522 291 550 καθ’
301 522 359 549 ὁδὸν
382 523 399 565 ᾖ
422 524 483 550 κατ’
498 523 576 557 ἀξίαν
601 524 686 559 λέγει,
701 525 826 566 ὥσπερνΙ
840 526 914 553 ἐστὶν

173 566 215 583 sta.
229 559 245 583 ἡ
263 557 332 583 ὁδὸς.
345 557 362 583 ἢ
378 566 471 583 ωσπερ
487 560 629 583 συαῦαίνει
644 561 673 583 ἐν
694 562 745 583 Mm
766 561 892 583 γενέσθαι
904 569 911 576 -

121 557 215 595 εὐρεῖα
229 559 246 592 ἡ
263 557 332 595 ὁδρς,
345 557 363 592 ἢ
378 557 471 593 ὥσπερ
487 560 629 595 συμϐαίνει
639 557 683 586 ’ἐν
694 560 745 595 ὁδῷ
766 557 911 594 γενέσθαι·

120 593 252 632 Ξολλάκις
266 593 381 632 γᾴρριῖις⁵
389 594 575 632 ἀπερχόμενος
585 595 671 632 -τήνδε
690 593 739 632 τὴν
751 593 820 630 ὁδὸν,
829 596 913 632 ἄλλην

120 628 248 658 ἕλκοντος
266 628 348 654 αὑτὸν
368 628 468 662 βαδίζει
489 629 590 665 φίλου.]

163 674 247 708 Ὁμοῦ
256 674 278 690 ⁸⁸
293 673 322 700 δὲ
345 674 414 709 πρὸς
434 676 525 703 πᾶσαν
547 676 596 711 τὴν
617 676 672 704 τῶν
695 677 809 713 Περσῶν
826 677 913 713 ἀρχὴν

120 719 368 753 διακινδυνεύοντες
384 722 413 748 ὲν
433 723 465 757 τῇ
481 723 515 757 γῇ
527 722 549 738 ⁷⁰
572 723 630 750 ἀντ’
644 723 761 759 ἀριθμοῦ
780 725 913 760 σωμάτων

121 767 208 794 ἐθνῶν
231 767 365 803 ἀριθμοὺς
385 767 587 804 διαφθείροντές
603 779 632 797 τε
652 771 699 797 καὶ
719 771 914 806 λαμϐάνοντες.

123 812 194 848 Ἤδη
209 812 237 839 δὲ
251 813 298 839 καὶ
313 813 360 839 δύο
370 813 488 848 τρόπαια
510 815 550 846 είς
574 815 639 849 μίαν
654 815 761 850 ἡμέραν
774 813 851 850 ἦλθε.
867 815 914 842 καὶ

121 859 263 894 ναυμαχία
278 859 433 895 πεζομαχίᾳ
449 860 603 896 παρισώθη.
616 861 700 888 Μόνοι
711 861 732 877 ’¹¹
746 861 800 896 γὰρ
811 860 915 896 ἀνθρώ-

1004 525 1188 562 [Narrationis
1202 526 1283 559 serie,
1295 526 1337 553 vel
1347 534 1396 562 pro
1404 526 1535 562 dignitate
1543 526 1619 560 dicit,
1632 528 1758 562 quemad‘

966 561 1075 588 modum
1087 567 1157 588 recta
1171 562 1274 592 estvia.
1285 562 1336 592 vel.
1349 561 1380 588 'nt
1393 561 1507 595 contigit
1525 561 1604 589 invia
1623 561 1693 594 eSse,
1707 569 1756 589 stc-

967 603 1114 666 pentnu]ero
1131 597 1201 623 enim
1223 604 1237 623 ιι
1259 596 1301 624 via
1323 597 1464 624 aberrans.
1485 597 1539 625 alio
1554 597 1628 625 vadit
1642 597 1758 625 ducente

965 638 1060 658 aIIIICO.

1000 676 1099 705 Contra
1124 682 1209 705 totum
1234 677 1376 712 imperium
1398 677 1544 705 Persarum
1562 678 1708 706 discrimen
1729 678 1755 710 iu

965 725 1035 749 terra
1060 722 1192 754 subirent,
1217 729 1250 750 ac
1277 730 1326 757 pro
1347 722 1462 758 singulis
1487 722 1643 750 hominibus
1662 728 1756 757 gentes

963 767 1082 802 integras
1095 773 1151 795 tum
1171 767 1343 802 oeciderent,
1356 771 1426 800 ‘tum
1441 773 1580 804 caperent.
1604 767 1673 801 Quid
1683 769 1755 803 quod

962 814 1057 840 endem
1069 814 1112 841 die
1132 814 1184 841 duo
1202 819 1278 847 parta
1293 817 1357 842 sunt
1372 819 1484 850 tropaea,
1498 822 1559 842 cum
1577 815 1673 842 navale
1690 822 1757 850 prae-

964 859 1029 886 lium
1042 861 1164 887 terrestri
1188 860 1282 888 fuisset
1297 862 1478 896 aquuatum.
1503 861 1559 888 Soli
1583 862 1654 888 enim
1671 869 1704 888 ex
1723 860 1757 888 iis

121 912 182 931 ¹ιεων
196 904 251 931 τῶν
269 905 308 936 είς
325 905 414 932 κοινὸν
429 905 665 941 πολιτευσαμένων
682 907 730 941 τὴν
747 907 796 942 μὲν
811 907 914 934 οίκείαν

970 905 1012 940 qui
1031 913 1202 933 communem
1225 907 1401 934 instituerunt
1420 907 1616 941 rempublicam
1632 911 1660 934 et
1679 914 1754 934 suam

120 950 218 985 ὥσπερ
243 950 385 986 ἀλλοτρίαν
410 951 549 986 ἐνόμισαν,
565 952 614 987 τὴν
635 953 659 979 δ’
674 952 846 987 ἀλλοτρίαν⁷²
867 953 915 988 οὐχ

121 997 214 1024 αὐτῶν
238 990 386 1032 ἀλλοτρίαν
404 997 472 1024 ἀλλὰ
497 998 552 1025 τῶν
576 998 624 1025 σὺν
646 998 914 1034 κακίανεμομένων.

121 1043 253 1070 Φυλάκων
281 1043 303 1070 δ’
318 1043 436 1070 ἐϐίωσαν
460 1043 527 1078 βίον,
546 1044 607 1071 οὐδὲ
630 1044 734 1072 τούτων
751 1045 913 1080 ἱδρυμένων.

121 1089 184 1116 οὐδέ
196 1097 229 1123 γε
245 1089 305 1120 ἐνὸς
318 1089 401 1115 τόπου
428 1089 501 1120 τινὸς
523 1089 689 1125 περιπόλων.
699 1089 779 1117 Ἀλλά
800 1090 848 1117 τοῦ
872 1091 916 1118 διά

122 1136 214 1170 πάσης
239 1135 322 1171 γῆς⁷³
338 1135 497 1171 Ἑλληνικοῦ
526 1135 688 1170 περιπόλους
714 1136 836 1168 ἐκείνους
863 1137 915 1173 χρὴ

122 1183 304 1214 καλεῖν.¹Ἐως
318 1182 389 1217 ἔγνω
402 1182 527 1217 βασιλεὺς
541 1182 677 1218 ἀνταίρων
691 1183 724 1218 τῇ
737 1183 814 1210 πόλει
829 1192 917 1218 παρα-

122 1229 237 1263 πλήσιον
252 1228 348 1259 ποιῶν,
360 1227 456 1263 ὥσπερ
471 1227 504 1254 ἂν
521 1228 545 1254 ει
562 1227 631 1263 πρὸς
643 1228 729 1262 φλόγα
743 1229 843 1265 πολλὴν
855 1229 915 1255 ἑπι-

122 1273 207 1299 οὖσαν
218 1272 285 1308 ὓλην
298 1272 452 1308 ἐπηρμένος
464 1272 621 1307 ἠγωνίζετο.
634 1272 697 1308 [659
705 1272 751 1309 ιι]
767 1273 850 1300 Οὐδὲν
861 1274 915 1309 γὰρ

122 1316 157 1354 ἦν
170 1319 184 1345 ὅ
197 1327 223 1345 τι
238 1319 289 1345 οὐκ
305 1318 434 1354 ἔπασχεν,
446 1318 503 1345 ἀλλ’
513 1319 674 1354 ἀνηλίσκετο
686 1319 766 1351 αὐτὸς
777 1319 807 1351 ὲξ
816 1319 912 1352 αὑτοῦ,

122 1366 171 1392 καὶ
190 1365 238 1400 τὴν
264 1365 357 1401 χώραν
384 1365 563 1401 ἐπιτείχισμα
586 1365 637 1401 τῆς
654 1365 752 1393 ἑαυτοῦ
777 1366 915 1401 σωτηρίας

121 1412 192 1447 ἔχων
206 1411 316 1447 ᾔσθετο.

159 1457 317 1498 [Τὴν-ἰδίαν
342 1458 518 1498 χώραν.κών
537 1458 697 1498 ἑᾳυτρύχὲξ
712 1459 796 1498 αὐτῆ-ς
811 1460 866 1498 γάρ
888 1460 913 1486 οἱ

129 1493 277 1531 Ἀθηναῖοι,
288 1493 349 1531 ﬁgat
364 1493 414 1528 τῆς
427 1493 539 1531 Ἀσίαςη
548 1493 586 1526 ὡς
602 1495 631 1528 ἐξ
648 1493 817 1531 ὁρμητηρίου
829 1493 914 1531 ἀέρορ-

124 1528 230 1563 μῶντες
247 1528 270 1544 ⁷⁸
286 1528 421 1562 ἔβλαπτον
435 1528 539 1564 αὑτόν.]
665 1528 671 1531 ’
683 1528 689 1530 ⁷
714 1528 720 1530 ’
750 1528 764 1530 “
804 1546 807 1550 -

159 1570 224 1608 Εἶχε
237 1573 261 1590 ⁷⁸
278 1573 328 1608 μέν
342 1581 374 1607 γε
394 1573 419 1590 ⁷⁸
444 1573 497 1609 πρὸ
511 1572 558 1600 τοῦ
576 1573 622 1600 τὸν
643 1573 723 1609 μέχρι
737 1574 852 1608 Πηνειοῦ
868 1574 913 1601 τό·
927 1589 950 1620 C

121 1627 185 1646 πον.
197 1619 295 1645 Καίτοι
304 1619 333 1645 τὸ
342 1619 498 1654 θαυμαστὸν
509 1619 628 1653 ἀφεῖλον,
636 1619 673 1650 ὡς
683 1619 732 1655 ἤδη
740 1628 766 1645 τι
778 1619 856 1655 [1221
866 1619 912 1656 IL]

122 1663 282 1700 θαυμαστὸν
292 1663 390 1698 λέγων.
398 1662 461 1699 Εἶχε
472 1664 562 1691 πάντα
574 1664 620 1690 τὸν
632 1664 711 1700 μέχρι
721 1664 769 1699 τῆς
777 1664 913 1699 Ἀττικῆς,

120 1710 173 1742 ἕως
184 1710 293 1745 ἐνέτυχε
305 1710 360 1741 τοῖς
377 1710 409 1739 ὲκ
420 1710 602 1745 τῆςἊττικῆς
617 1710 646 1736 ὲν
660 1711 693 1744 τῇ
707 1709 840 1745 θαλάττῃ·
854 1718 915 1736 τοσ-

121 1755 200 1783 οῦτον
212 1755 384 1791 παρελήλυθε
392 1755 438 1782 τδν
445 1756 565 1790 ὀμφαλὸν
577 1755 627 1790 τῆς
640 1755 692 1791 γῆς
700 1764 730 1781 τε
742 1755 788 1781 καλ¹
800 1755 849 1790 τῆς
858 1755 914 1781 Ἐλ-

120 1802 201 1833 λάδος
216 1803 280 1834 τοὺς
293 1801 423 1836 Δελφούς.
443 1801 491 1827 Ἐκ
505 1801 534 1828 δὲ
552 1800 607 1827 τῶν
622 1801 671 1835 τῆς
682 1801 786 1832 πόλεως
801 1800 914 1834 ἀγώνων

122 1850 171 1875 καὶ
191 1848 349 1875 ἀποστόλων
364 1849 404 1879 εἰς
425 1844 505 1875 τοῦτδ
519 1848 542 1863 ⁷⁷
556 1847 703 1882 κατῆλθεν,
719 1847 789 1874 ὥστε
808 1846 914 1882 ὡμολὸ-

121 1902 190 1928 γησε
200 1894 273 1921 δυοῖν
281 1894 304 1909 ⁷⁸
315 1893 363 1929 μὲν
377 1894 450 1928 ὅροιν
458 1893 524 1920 εῐσω
536 1893 634 1928 μηκέτι
650 1891 835 1924 πλευσεῑσοαι,
845 1891 913 1926 πρὸς

123 1939 298 1975 μεσημϐρίαν
314 1939 365 1975 μὲν
374 1938 535 1969 Χελιδονέας
547 1938 582 1970 ⁷³,
599 1937 668 1973 πρὸς
680 1937 707 1963 δὲ
721 1937 821 1972 ἄρκτον
838 1937 912 1963 Κυα-

121 1986 186 2017 νέας
203 1985 329 2021 θέμενος,
351 1985 489 2021 θαλάσσης
518 1985 541 2011 δ¹
571 1985 682 2019 ἀφέξειν
704 1984 761 2011 ἴσον
787 1984 912 2020 πανταχῆ

123 2032 248 2064 σταδίους
262 2032 457 2064 πεντακοσίους
467 2039 475 2047 ’
490 2031 555 2058 ὥστ’
567 2030 635 2058 εἶναι
648 2031 694 2058 τὸν
709 2030 809 2058 κύκλον
819 2030 913 2058 τοῦτον

121 2077 179 2103 ἀντ’
197 2077 278 2104 ἄλλου
293 2077 365 2109 τινὸς
377 2077 509 2112 στεφάνου
524 2078 580 2108 τοῖς
597 2076 725 2112 Ἕλλησιν
745 2076 814 2112 ὑπὲρ
826 2085 912 2111 κεφα-

120 2123 181 2158 λῆς,
199 2123 246 2150 καὶ
265 2123 315 2159 τὴν
330 2123 452 2160 φρουρὰν
467 2123 593 2159 ἐξαυτῆς
606 2123 655 2159 τῆς
665 2122 758 2159 χώρας
769 2121 817 2149 τοῦ
834 2122 912 2157 βασι-

121 2171 200 2202 ὶέως.

157 2218 254 2245 Καίτοι
266 2217 290 2234 ³ο
306 2217 334 2244 τί
357 2217 467 2244 κάλλιον
479 2215 551 2243 εἴποι
564 2224 606 2248 τις
623 2216 736 2251 εῐρήνης
754 2215 771 2251 ἢ
790 2215 910 2251 πολέμου

970 952 1107 987 regionem
1121 959 1170 986 pro
1181 952 1268 980 aliena
1284 953 1448 986 habuerunt,
1459 958 1486 980 et
1496 952 1584 980 aliena
1599 960 1660 987 quae
1672 957 1756 985 esset,

969 1006 1020 1025 non
1037 998 1087 1026 sibi
1102 998 1230 1031 alienam,
1248 999 1295 1026 sed
1319 998 1353 1026 iis
1366 999 1411 1032 qui
1431 1005 1490 1026 earn
1511 1005 1572 1026 eum
1597 998 1699 1026 scelere
1713 998 1757 1025 in-

967 1045 1097 1077 colerent,
1119 1046 1260 1072 custodum
1276 1045 1391 1079 denlque
1413 1052 1490 1072 more
1505 1045 1643 1078 vixerunt,
1658 1052 1711 1072 non
1726 1050 1757 1072 ut

967 1092 1012 1126 qui
1029 1091 1054 1118 in
1075 1091 1207 1125 praesidiis
1231 1090 1354 1118 collocati
1375 1095 1450 1123 sunt,
1465 1095 1511 1117 aut
1534 1098 1616 1117 unum
1637 1089 1754 1125 aliquem

968 1137 1055 1164 locum
1073 1137 1184 1170 obeunt,
1200 1137 1246 1164 sed
1259 1141 1288 1163 ut
1299 1136 1455 1164 Griecorum
1468 1135 1588 1163 omnium
1604 1143 1653 1171 per
1669 1141 1754 1164 totam

969 1187 1066 1210 terram
1091 1183 1231 1210 circitores
1248 1183 1389 1210 nominare
1412 1182 1563 1217 oportebat.
1584 1183 1674 1210 Donec
1694 1187 1756 1209 tan-

967 1229 1026 1256 dem
1043 1229 1167 1264 cognovit
1184 1237 1241 1261 rex,
1260 1229 1372 1263 perinde
1391 1237 1421 1256 se
1433 1234 1527 1256 contra
1543 1229 1636 1256 urbem
1654 1229 1753 1256 bellum

966 1275 1081 1309 cepisse,
1097 1282 1129 1303 ac
1139 1276 1161 1302 si
1178 1275 1230 1309 igni
1247 1275 1301 1303 late
1317 1275 1452 1309 grassanti
1468 1275 1558 1302 oleum
1571 1275 1753 1309 opposuisset.

966 1321 1036 1347 Nihil
1059 1321 1130 1347 enim
1147 1321 1237 1348 damni
1253 1326 1322 1353 erat,
1338 1320 1409 1356 quod
1435 1328 1487 1348 non
1505 1325 1653 1355 pateretur,
1671 1320 1712 1348 sic
1726 1325 1756 1347 ut

967 1366 1025 1400 ipse
1043 1371 1248 1393 consumeretur
1259 1374 1273 1392 a
1289 1374 1359 1397 sese,
1376 1373 1407 1393 ac
1422 1366 1540 1400 regionis
1553 1366 1668 1401 spatium
1680 1365 1756 1394 salu-

966 1412 1001 1439 tis
1011 1412 1160 1446 subsidium
1173 1411 1273 1439 habere
1285 1419 1315 1439 se
1334 1412 1508 1446 intelligeret.

1014 1457 1151 1490 Propriam
1170 1458 1308 1490 regionem
1321 1463 1413 1485 contra
1433 1458 1562 1492 seipsum.
1574 1457 1610 1484 Ex
1624 1458 1673 1486 hac
1683 1458 1754 1485 enim

963 1492 1155 1562 Athenlicinses.
1177 1493 1281 1520 scilicet
1298 1495 1361 1521 Asia
1374 1493 1447 1520 velut
1461 1501 1495 1520 est
1517 1500 1581 1521 arce
1603 1493 1676 1520 illum
1700 1494 1756 1529 eje—

963 1534 1044 1554 ccrun
1061 1547 1067 1552 .

1000 1573 1068 1601 Nam
1086 1574 1217 1601 hactenus
1232 1573 1339 1608 quidem
1351 1581 1437 1608 usque
1455 1574 1488 1601 ad
1508 1573 1625 1601 Peneum
1637 1573 1756 1607 impera-

966 1620 1021 1653 bat,
1033 1624 1079 1647 anl
1090 1620 1179 1654 potius
1190 1620 1325 1655 (magnam
1337 1620 1409 1647 enim
1422 1627 1524 1655 partem
1537 1620 1659 1652 detraho,
1671 1628 1755 1654 quan-

965 1675 1045 1701 quam
1078 1667 1190 1693 multum
1208 1667 1297 1693 dicere
1325 1665 1428 1700 videor)
1453 1674 1538 1700 usque
1562 1666 1595 1692 ad
1624 1666 1754 1696 Atticam,

964 1711 1064 1748 ηοω
1086 1712 1170 1739 donec
1180 1711 1392 1738 Atheniensibus
1404 1711 1431 1738 itt
1447 1711 1514 1738 mari
1527 1713 1655 1739 occurrit.
1669 1711 1756 1739 Tanto

962 1757 1017 1791 jam
1041 1757 1131 1792 spatio
1152 1755 1287 1791 Delphos,
1311 1761 1390 1782 terra:
1408 1755 1491 1782 totius
1505 1755 1672 1789 Graeciaque
1695 1763 1756 1782 um-

964 1803 1075 1830 bilicutn
1097 1801 1153 1837 (78)
1182 1801 1336 1828 transierat.
1362 1801 1401 1827 Ac
1421 1807 1468 1834 per
1491 1799 1566 1826 urbis
1593 1799 1754 1830 certamina,

964 1853 991 1876 et
1017 1848 1135 1874 marinas
1159 1846 1348 1880 expeditiones
1366 1853 1451 1880 usque
1468 1853 1501 1873 eo
1517 1845 1642 1872 redactus
1658 1849 1709 1876 est,
1724 1850 1755 1871 ut

965 1895 1138 1930 polliceretur
1159 1901 1189 1920 se
1209 1901 1258 1920 nec
1278 1893 1409 1920 terminos
1424 1893 1503 1924 duos,
1528 1891 1709 1920 Chelidoneas
1721 1891 1755 1917 ad

964 1940 1116 1972 meridiem,
1129 1939 1251 1974 Cyaneas
1266 1938 1301 1965 ad
1324 1939 1534 1973 septentriones,
1558 1938 1663 1971 navigio
1678 1937 1756 1963 dein-

963 1993 1028 2021 ceps
1044 1991 1245 2021 superaturum,
1265 1990 1293 2014 et
1307 1994 1322 2013 a
1340 1985 1409 2013 mari
1425 1986 1457 2012 ad
1473 1985 1620 2020 quingenta
1637 1983 1755 2017 undique

964 2032 1050 2059 stadia
1068 2040 1252 2066 recessurum,
1268 2033 1336 2061 adeo
1359 2037 1388 2059 ut
1404 2031 1480 2059 orbis
1508 2031 1554 2058 ille
1577 2037 1625 2064 pro
1654 2036 1756 2056 corona

963 2078 1062 2112 capitis
1075 2078 1178 2106 Graecis
1188 2083 1274 2112 esset,
1288 2084 1317 2107 et
1335 2079 1362 2106 in
1379 2078 1437 2113 ipso
1451 2077 1507 2112 jam
1521 2077 1594 2112 regio
1605 2083 1670 2110 agro
1684 2083 1754 2110 prae-

962 2123 1031 2150 sidia
1050 2123 1215 2152 collocarent
1223 2131 1282 2152 sua.

999 2224 1085 2258 Quem
1099 2229 1188 2252 autem
1204 2225 1386 2260 pulchriorem
1404 2225 1445 2252 vel
1463 2225 1536 2259 pacis
1554 2224 1594 2251 vel
1610 2224 1682 2256 belli,
1696 2228 1751 2250 tam

121 2264 279 2299 κεφάλαιον,
295 2265 312 2300 ἢ
326 2263 395 2300 πρὸς
418 2263 552 2298 Ἕλληνας
573 2262 590 2297 ἢ
610 2262 678 2298 πρὸς
702 2261 867 2298 βαρϐάρους,
887 2258 909 2296 ᾦ

970 2276 1056 2299 :ontra
1071 2271 1179 2299 Graecos
1192 2280 1272 2306 quam
1297 2276 1391 2299 contra
1409 2272 1551 2302 Barbaros.
1572 2271 1672 2298 exitum
1690 2272 1752 2304 quis

120 2310 281 2338 κατέκλεισε
308 2311 369 2337 τότε
389 2310 439 2341 τὰς
453 2309 568 2344 πράξεις
592 2309 609 2344 ἡ
637 2308 731 2341 πόλις;
760 2307 908 2335 καὶταῦτα

121 2357 215 2392 μέντοι
229 2357 348 2384 τοσαῦτα
360 2357 407 2383 καί¹
421 2355 534 2383 τοιαῦτα
544 2355 635 2390 διῆλθε
651 2355 700 2381 σὺν
712 2354 820 2386 πολλοῖς
833 2354 908 2389 ὅμως

119 2402 304 2438 ὲναντιώμασι
319 2402 372 2430 τῶν
390 2401 591 2438 Ἐλλήνων,καὶ
603 2401 713 2427 πάντων
730 2399 824 2435 ὥσπερ
840 2400 906 2427 ἀνθ-

960 2317 1086 2352 reperiat.
1105 2325 1184 2352 quant
1202 2325 1255 2352 quo
1270 2326 1314 2345 res
1333 2318 1381 2344 has
1393 2317 1457 2344 urbs
1475 2315 1630 2344 conclusit?
1653 2316 1752 2349 Quan-

958 2371 1040 2398 quam
1059 2371 1109 2390 nec
1132 2364 1190 2391 hazc
1207 2364 1274 2398 ipsa,
1291 2371 1351 2397 qua:
1376 2369 1417 2390 tot
1435 2368 1566 2396 tantaque
1594 2367 1668 2393 sunt.
1695 2362 1754 2389 sine

961 2407 1055 2435 multis
1071 2407 1228 2435 Graecorum
1245 2408 1394 2435 obstaculis
1410 2409 1524 2443 peregit,
1539 2407 1665 2434 omnibus
1693 2414 1753 2434 eam

120 2448 263 2476 ελκόντων.
283 2449 321 2476 Τδ
334 2449 357 2465 ⁸¹
371 2448 426 2484 γὰρ
442 2448 472 2475 ὲν
488 2446 599 2482 πολέμῳ
616 2446 663 2474 καὶ
679 2445 831 2482 φιλονεικία
852 2447 906 2474 τῶν

970 2453 1033 2487 ιυσεί
1052 2453 1249 2488 diripientibus.
1273 2454 1380 2482 Etenim
1404 2454 1475 2489 quod
1503 2461 1558 2481 non
1583 2452 1671 2481 Graeci
1691 2460 1756 2481 cou-

760 2517 880 2547 VARIE
900 2521 1105 2549 LECTIONES.

157 2577 180 2593 ⁸ο
194 2575 264 2612 ἀλλ’]
280 2583 307 2611 p.
323 2575 396 2612 257-.
435 2575 456 2591 ⁶¹
472 2575 553 2602 πλέον
616 2574 708 2612 πλείω
722 2583 752 2608 ς.

121 2613 238 2647 μᾶλλον
252 2611 281 2643 ζ.
307 2611 407 2645 μᾶλλον
421 2618 476 2637 om.
491 2613 523 2638 Α.
553 2646 556 2647 ν
574 2611 634 2630 ’θ’-⁸⁸
646 2646 650 2647 ν
660 2611 690 2637 οὐ
704 2625 741 2647 -τί
751 2612 849 2647 ἠπειγᾴ

120 2646 143 2663 ⁸³
158 2646 239 2682 ὁμοῦ]
253 2655 279 2680 p.
295 2647 358 2674 265.
395 2647 418 2662 ⁷⁸³
431 2647 460 2671 ὲν
472 2648 504 2681 τῇ
524 2646 559 2680 γῇ
573 2654 627 2682 om.
638 2646 672 2682 ᾼ.

122 2678 264 2716 μῶντεξᾹ
281 2691 287 2708 :
301 2682 457 2716 ἀφορῶντες
473 2678 504 2714 ςῖ
530 2678 565 2697 ἠ
580 2678 685 2716 εἷχεᾙ).
697 2680 760 2716 (2661

802 2576 824 2592 ⁶¹
836 2576 901 2613 ἑξῆς
913 2578 934 2604 Α
946 2587 953 2605 :
966 2578 1064 2613 ἐφεξῆς
1077 2587 1107 2610 ς.

853 2621 906 2646 μην
932 2620 987 2640 om.
1012 2614 1040 2639 Β.

721 2645 743 2661 ⁷⁸
759 2646 845 2681 μόνοι]
855 2645 892 2680 ρ.
905 2647 967 2674 265.

721 2680 760 2708 56.
811 2682 834 2696 ⁷⁸
845 2689 877 2715 γε
889 2690 944 2709 om.
961 2683 993 2710 A.

1164 2579 1186 2615 f’
1200 2578 1278 2615 ἀλλὰ]
1297 2587 1322 2614 p.
1338 2578 1391 2606 258
1407 2584 1478 2607 extr.
1531 2579 1554 2595 “
1581 2579 1661 2613 λόγου
1674 2579 1754 2606 τοῦτο

1094 2614 1116 2630 ⁸⁷
1131 2613 1210 2640 τοῦτο
1231 2615 1252 2641 Α
1264 2613 1278 2641 ξ
1289 2614 1377 2641 ταῦτα
1393 2623 1423 2646 ς.
1477 2616 1500 2632 ⁸⁸
1515 2615 1619 2650 ὥσπερι
1637 2615 1706 2650 ᾇπερ
1719 2615 1753 2643 Α.

1006 2649 1028 2665 "
1043 2649 1192 2684 ἀλλοτρίων
1204 2658 1234 2681 ς.
1273 2650 1296 2665 ⁷³
1313 2650 1404 2684 πάσης
1424 2650 1475 2684 τῆς
1491 2650 1540 2683 γῆς
1558 2649 1597 2680 ς(
1615 2649 1651 2665 ⁷⁷⁸
1667 2649 1755 2684 ἀφορ-

1033 2684 1054 2698 ⁷⁷
1066 2685 1106 2715 εἰς
1119 2683 1209 2716 τοῦτο]
1225 2685 1351 2712 τοσοῦτον
1367 2683 1399 2713 Ᾱ.
1439 2685 1461 2701 ⁷⁸
1478 2684 1550 2711 δυεῖν
1566 2693 1597 2716 ς.
1631 2684 1653 2700 ⁷⁹
1665 2684 1747 2711 Χελι-

122 2714 217 2749 δονέας
230 2717 269 2743 B:
285 2714 442 2749 Χελιδονίας
456 2725 487 2749 ς.
525 2716 547 2733 ⁸ο
561 2714 660 2747 καίτοι]
671 2723 697 2750 p.
712 2715 775 2743 “267.
810 2715 831 2732 ³³
848 2716 888 2752 τὸ]
901 2716 940 2752 τῷ
954 2718 986 2744 Λ.
1001 2723 1042 2745 est
1057 2727 1083 2753 p.
1096 2714 1158 2746 968.

881 2771 997 2802 NOTAE.

159 2823 215 2855 (78)
235 2821 311 2851 Ρίιιίιι
342 2822 420 2860 Pyth.
436 2822 480 2850 οδ·
505 2822 532 2855 δι
558 2827 585 2850 (ἐι
611 2822 652 2854 Η.
679 2821 772 2863 Emin-
798 2820 906 2854 Medea;
927 2820 1014 2852 Plato.
1036 2825 1083 2854 lib.
1099 2825 1127 2857 al.
1154 2826 1192 2855 DL'
1209 2828 1298 2863 repnb.
1328 2827 1412 2855 Clcm.
1452 2826 1528 2854 Alex.
1557 2825 1693 2860 l‘rotrt-pt.
1725 2831 1735 2851 ι·

123 2859 180 2886 alit.
