1923 3093
187 166 254 201 11Ἶ1

743 166 877 197 PHOTlI
896 165 1151 197 PATRIARCH/E
1163 166 1219 196 CP.

1750 161 1762 193 1
1768 161 1818 192 472

184 213 334 239 tentionem
348 215 376 239 et
389 211 491 239 bellum
508 214 603 239 contra
619 211 706 246 ipsam
725 212 922 246 suscepissent,
940 212 977 238 ni-

1040 211 1175 246 Ἒλλήνων
1190 209 1259 245 πρὸς
1281 208 1367 245 αὐτὴν
1382 206 1592 243 καθεστηκότων
1606 207 1655 242 τῆς
1673 206 1744 242 ὑπὲρ
1771 207 1827 234 τῶν

185 258 224 286 hil
241 263 332 286 tamen
351 258 384 286 de
401 257 560 285 Graecorum
581 264 647 285 cura
663 256 768 284 remisit
788 265 794 285 :
817 264 911 285 verum
932 265 982 293 pro

183 304 322 332 communi
347 305 435 332 salute
456 303 556 331 bellum
585 310 647 331 eum
667 310 731 338 rege
757 308 829 331 terra
861 303 984 338 marique

184 351 279 386 gessit,
295 355 404 386 quantae
422 354 464 378 est
480 351 563 378 animi
575 350 780 385 magnitudinis,
797 354 895 385 praeter
906 351 977 384 qttml

187 398 214 424 in
231 402 270 425 tot
283 401 375 432 partes
388 404 418 424 se
435 396 537 430 divisit,
554 401 636 431 atque
653 396 745 423 omnia
769 403 823 423 non
840 403 919 423 secus
941 400 983 422 at-

183 450 238 477 que
253 442 360 477 singula
377 442 494 474 curavit,
523 445 551 470 et
564 449 625 469 eum
641 441 726 469 animi
745 441 911 473 fortitudine,
926 445 982 468 tmn

184 492 330 523 apparatus
357 487 543 522 magnitudine
575 486 762 515 admirandam
791 494 821 514 se
855 486 981 520 praebuit.

183 532 251 561 Nam
267 538 294 560 et
310 538 406 561 contra
419 532 557 562 Barbaros
569 532 607 560 ita
622 540 652 560 se
666 533 760 567 gessit,
775 533 853 567 quasi
870 532 904 559 ah
918 540 978 559 out—

184 580 265 609 nibus
278 580 394 615 negotiis
407 583 526 613 vacaret,
544 586 595 607 nec
609 579 718 607 interim
742 578 865 612 Gracis,
892 580 914 606 si
935 579 980 613 qui

182 629 262 654 erant
294 624 397 658 infesti,
429 625 601 653 occasionem
626 624 748 660 gerendi,
780 632 841 659 qua:
869 625 979 657 vellent,

183 671 302 708 praebuit
318 680 325 699 :
342 678 437 699 verum
448 676 476 699 et
489 671 533 699 his
550 671 587 698 ita
604 678 634 699 se
651 670 759 698 obviam
772 670 856 703 dedit,
874 675 903 697 ut
916 671 980 706 qui-

185 724 235 745 nas
252 716 294 744 vel
309 716 391 744 etiam
402 716 495 752 plures
506 716 587 744 simul
604 723 648 744 res
660 716 694 744 ab
704 724 736 744 ea
748 720 849 751 gestas,
865 716 938 743 velut
949 723 980 744 ea

183 769 244 797 quae
254 767 432 790 numerantur
448 761 625 797 coniunctim,
650 769 866 790 commemorare
890 762 979 789 liceat.

185 808 316 837 Vicerunt
326 808 398 836 enim
406 807 619 842 Peloponnesios
631 807 720 836 navali
732 807 825 843 praelio
839 807 873 835 ad
881 807 980 842 Cecry-

183 854 315 890 pltallam,
335 860 362 882 et
379 854 520 889 Egiuetas
534 854 567 882 ad
585 853 724 889 Egiuam,
738 858 767 881 et
783 861 889 880 rursum
903 853 980 881 Pelo-

183 901 339 936 ponnesios.
364 901 466 929 Deinde
487 901 693 935 Megariensium
720 900 819 927 muenia
842 899 875 926 ad
902 907 978 927 mare

186 955 273 983 usque
286 947 493 983 protenderuttt,
520 946 673 974 libertatem
695 953 790 974 earum
815 945 896 973 simul
914 953 976 974 cum

183 994 295 1030 regione
305 993 491 1021 defendentes.
509 992 578 1020 Tum
596 991 752 1020 Corinthios
761 996 824 1019 ante
837 991 977 1027 Megaren-

183 1047 228 1068 ses
239 1040 356 1073 primum
376 1043 551 1074 superarunt,
566 1043 593 1066 et
613 1039 711 1066 iterum
729 1038 824 1065 urbem
850 1038 977 1065 vicerunt

183 1089 244 1121 post
256 1086 314 1113 dies
325 1085 479 1118 duodecim,
494 1092 555 1112 cum
569 1085 666 1118 injuste
682 1091 813 1120 tropaeum
828 1085 978 1119 surripuis-

183 1136 254 1159 sent.
268 1130 334 1164 Qua:
348 1130 456 1158 tametsi
474 1131 562 1164 magni
578 1130 707 1158 momenti
726 1137 778 1157 non
791 1135 865 1164 sunt,
881 1130 978 1158 dicen-

183 1181 228 1204 tur
243 1184 258 1204 a
271 1183 313 1203 me
329 1181 431 1203 tamen.
446 1176 508 1203 licet
525 1175 662 1207 festinent,
677 1176 900 1211 quandoquidem
927 1184 978 1210 ap-

182 1222 281 1257 pendix
292 1229 349 1250 rem
361 1226 444 1249 totum
463 1221 593 1249 absolvet.
607 1221 672 1248 Cum
684 1222 756 1248 enim
768 1221 893 1249 abessent
905 1222 980 1250 urbis

182 1269 278 1305 copiae,
303 1268 401 1304 partim
430 1268 464 1295 ad
494 1266 684 1303 Egyptiorum
710 1267 871 1300 subsidium,
895 1275 979 1296 naves

184 1315 287 1348 plures,
314 1322 394 1350 quam
412 1318 475 1341 tune
489 1319 569 1340 erant
584 1314 610 1340 in
626 1317 681 1340 tota
699 1313 816 1345 Graecia,
832 1314 930 1348 partim
949 1315 975 1343 in

183 1359 290 1396 Eginte
301 1359 455 1391 obsidione,
469 1359 590 1393 aggressi
614 1363 677 1385 sunt
693 1359 784 1386 hostes
797 1358 895 1395 Mli
925 1360 976 1387 Me-

183 1413 248 1441 gara
256 1405 396 1436 lnvadere,
405 1404 475 1438 quod
485 1403 676 1431 existimabant
684 1404 886 1432 Atheniensium
895 1407 979 1434 οιὶιιιιι

183 1451 234 1478 sibi
251 1450 278 1478 lu
291 1449 463 1478 occasionem
487 1448 524 1475 rei
543 1448 669 1483 gerenda:
683 1448 791 1482 cedere,
811 1455 857 1476 aut
882 1450 979 1478 saltent

182 1498 206 1525 si
223 1497 287 1525 urbs
304 1503 410 1523 rursum
424 1496 555 1528 vinceret,
577 1493 683 1530 Eginat
709 1495 877 1523 obsidionem
905 1497 978 1524 solu-

183 1547 241 1571 tum
257 1543 290 1570 Iri
307 1551 315 1570 :
338 1542 470 1577 siquidem
485 1541 522 1568 illi
535 1541 644 1568 aliunde
658 1548 736 1575 opem
752 1541 824 1569 ferre
838 1551 890 1570 non
910 1552 975 1578 pos-
991 1560 1012 1590 ϐ

182 1595 253 1617 sent.
267 1589 306 1616 llli
323 1593 412 1615 autem
435 1589 502 1615 adeo
515 1587 566 1614 hoc
581 1592 763 1615 commentum
790 1589 918 1622 riserunt,
949 1595 978 1616 ut

181 1636 228 1671 qui
245 1635 279 1663 ad
300 1634 428 1670 [Eginam
442 1640 532 1668 erant,
563 1643 615 1663 non
649 1634 734 1668 magis
763 1642 844 1669 quam
875 1636 920 1670 qui
950 1635 977 1663 in

183 1682 301 1718 Egypto
314 1689 369 1709 rem
387 1689 494 1709 omnem
520 1682 691 1715 ignorabant,
728 1681 789 1709 loco
822 1689 853 1708 se
886 1688 978 1708 move-

183 1733 254 1757 rent.

217 1773 343 1808 Quinimo
356 1772 412 1800 sola
434 1772 539 1807 privato
555 1771 676 1807 periculo
701 1772 839 1799 communi
865 1771 976 1800 utilitati

181 1820 294 1852 studuit,
310 1825 338 1847 et
347 1819 540 1847 beneﬁciorum
555 1819 631 1854 copia
643 1819 822 1854 principatum
836 1818 886 1846 sibi
903 1825 977 1846 com-

183 1866 297 1902 paravit,
335 1873 411 1893 more
431 1866 567 1893 communi
589 1870 702 1892 mutato.
729 1865 788 1892 Non
812 1865 883 1892 enim
905 1865 977 1900 quod

181 1912 279 1946 oppida
305 1909 472 1944 subjugarat,
497 1910 544 1938 sed
561 1910 633 1945 qttod
647 1910 731 1937 libera
761 1909 874 1942 fecerat,
893 1910 977 1944 impe-

182 1956 252 1983 rium
266 1959 308 1983 est
319 1955 415 1988 adepta
435 1964 442 1982 :
460 1954 496 1982 ita
515 1959 543 1982 ut
570 1955 664 1982 eodem
680 1960 800 1989 tempore
825 1959 853 1982 et
875 1954 977 1982 Graecis

183 1999 304 2032 libertas,
324 2003 351 2026 et
380 1998 439 2026 urbi
468 1998 549 2026 fuerit
564 1998 709 2033 imperium
737 1999 876 2026 tributum.
907 1999 977 2027 lluic

182 2044 254 2071 enim
266 2044 315 2071 soli
332 2044 402 2071 ultro
415 2048 565 2078 paruerunt
578 2044 685 2080 reliqui,
702 2049 730 2072 et
753 2045 824 2072 hunc
848 2044 975 2079 populum

183 2090 319 2118 communi
348 2090 479 2125 suil'ragio
509 2089 651 2124 jusserunt
679 2091 825 2126 imperare.
857 2092 925 2118 adeo
946 2096 976 2117 ιιι

182 2144 244 2164 cum
262 2137 347 2164 armis
360 2136 493 2164 Barbaros
519 2137 661 2172 coegisset,
678 2138 767 2164 socios
793 2142 882 2166 tamen
908 2137 975 2165 nihil

183 2187 309 2216 precatus
327 2182 420 2215 fuerit,
452 2183 500 2210 sed
518 2183 638 2217 ipsorum
665 2183 791 2218 precibus
819 2183 975 2218 compulsus

1040 258 1174 293 Ἐλλήνων
1205 256 1336 292 προνοίας
1361 255 1444 290 μηδὲν
1470 253 1572 289 μᾶλλον
1596 252 1744 288 ἀφεῖσθαι,
1767 252 1825 279 ἀλλ’

1034 303 1106 338 ὑπὲρ
1120 303 1176 330 τῶν
1188 302 1266 336 κοινῇ
1290 300 1488 336 συμφερόντων
1504 299 1611 334 βασιλεῖ
1632 299 1763 334 πολεμεῖν
1781 297 1826 326 διὰ

1033 350 1084 384 γῆς
1097 349 1208 383 ἁπάσης
1222 348 1269 374 καὶ
1281 347 1427 382 θαλάττης,
1443 346 1514 382 πόσῃ
1527 345 1582 372 τινὶ
1597 345 1675 380 χρὴ⁸¹
1689 346 1724 380 τῇ
1741 353 1828 380 μεγα-

1033 394 1150 430 λοψυχίᾳ.
1164 392 1323 428 προσθεῖναι
1337 401 1344 426 ;
1360 392 1445 427 χωρὶς
1458 391 1505 418 τοῦ
1520 391 1590 426 πρὸς
1604 390 1628 406 ⁸⁸
1639 390 1761 417 τοσαῦτα
1775 399 1826 425 με-

1034 439 1172 475 ρισθῆναι,
1199 438 1247 466 καὶ
1274 438 1385 466 πάντων
1403 437 1441 469 ὡς
1467 437 1557 472 μόνων
1588 436 1713 464 ἑκάστων
1732 436 1828 472 ἐφικέ-

1034 485 1097 512 σθαι
1110 485 1144 518 ⁸⁵,
1161 485 1211 520 τῆς
1230 485 1279 520 μὲν
1295 483 1409 519 γνώμης
1422 483 1472 519 τὴν
1486 483 1623 519 ἀνδρείαν,
1634 483 1684 518 τῆς
1694 483 1724 510 δὲ
1736 491 1828 518 παρα-

1034 531 1138 566 σκευῆς
1156 531 1205 567 τὴν
1225 529 1381 565 ὑπερϐολὴν
1408 530 1541 565 παρέχειν
1566 529 1717 564 θαυμάσαι.
1733 529 1778 556 Τά
1795 537 1827 556 τε

1033 577 1088 613 γὰρ
1104 577 1174 612 πρὸς
1189 576 1253 607 τοὺς
1278 575 1434 611 βαρὸάρους
1451 575 1489 607 ὡς
1510 575 1601 602 πᾶσαν
1615 575 1721 608 ἄγουσα
1731 575 1755 591 ⁵³
1770 574 1827 602 ἀπὸ

1032 623 1143 651 πάντων
1160 622 1269 658 σχολήν,
1287 621 1359 648 οὕτω
1371 621 1538 656 διῳκήσατο,
1553 621 1668 653 καὶτοῖς
1685 620 1827 656 ἐνοχλοῦσι

1031 669 1086 697 τῶν
1107 668 1243 704 Ἑλλήνων
1267 667 1343 694 οὐδὲν
1360 665 1461 702 μᾶλλον
1482 666 1590 702 ὑπῆρχε
1614 667 1772 702 χρήσασθαι
1788 666 1827 702 τῷ

1032 713 1131 750 καιρῷ,
1145 712 1213 740 ἀλλὰ
1223 712 1270 739 καὶ
1286 712 1394 743 τούτοις
1406 710 1493 743 οὕτως
1505 711 1673 746 ἀπήντησεν,
1687 711 1760 738 ὥστε
1777 712 1827 738 σὺν

1031 762 1113 788 πέντε
1129 760 1177 788 καὶ
1193 759 1242 786 σὺν
1256 759 1342 786 πλείω
1356 758 1432 786 ταῦτ’
1447 758 1523 794 ἔχειν
1539 759 1667 794 ἀριθμεῖν
1677 759 1712 791 ⁸⁷,
1728 758 1826 796 ὥσπερ

1030 807 1099 836 ἄλλα
1113 806 1182 833 ἄττα
1197 804 1349 840 συλλήβδην
1369 803 1570 839 ἀριθμούμενα.
1592 804 1709 831 Ἐνίκων
1724 804 1776 840 μέν
1792 813 1826 838 γε

1030 852 1171 888 ναυμαχίᾳ
1190 850 1424 886 Πελοποννησίους
1444 850 1492 876 ἐπὶ
1513 850 1704 885 Κεκρυφαλίᾳ,
1725 850 1826 877 ἐνίκων

995 883 1016 911 Β
1029 898 1053 926 δ’
1065 883 1216 933 Ᾰιγὶξμῆτας
1233 897 1301 932 πρὸς
1317 883 1432 932 Δίγίνῃ,
1454 895 1500 922 καὶ
1524 883 1759 931 Πελοποννησίους
1775 893 1826 924 αὗ-

1030 945 1083 976 θις.
1099 943 1259 979 Μεγαρεῦσι
1270 942 1292 969 δ’
1308 942 1427 977 ἔστησαν
1439 942 1517 977 τείχη
1528 942 1552 958 ⁸⁸
1566 942 1648 977 μέχρι
1670 942 1826 978 θαλάσσης,

1030 991 1078 1018 καὶ
1092 990 1143 1025 τὴν
1157 989 1316 1024 ἐλευθερίαν
1328 988 1387 1024 ἅμα
1404 988 1453 1016 καὶ
1471 989 1524 1023 τὴν
1536 988 1558 1004 ⁸⁸
1579 988 1672 1024 χώραν
1693 988 1827 1023 διεφύλα-

1030 1037 1089 1069 ξαν.
1106 1035 1222 1063 Ἐνίκων
1236 1035 1264 1062 δὲ
1274 1034 1436 1069 Κορινθίους
1451 1034 1505 1069 πρὸ
1519 1034 1682 1069 Μεγαρέων·
1695 1035 1744 1062 καὶ
1758 1036 1826 1070 πρὶν

1029 1082 1137 1109 δώδεκα
1149 1081 1258 1116 ἐξήκειν
1276 1080 1383 1115 ἡμέρας
1395 1080 1494 1106 ὲνίκων
1515 1077 1593 1111 αὖθις
1605 1080 1714 1115 ἑτέραν,
1732 1081 1765 1107 οὐ
1779 1089 1827 1108 κα-

1030 1128 1085 1160 λῶς
1099 1128 1130 1155 τὸ
1144 1128 1276 1164 τρόπαιον
1292 1126 1505 1162 ὑφαρπάζοντας
1516 1127 1550 1153 ⁸⁸.
1572 1127 1627 1153 Καὶ
1645 1125 1724 1154 οὔπω
1736 1128 1826 1155 ταῦτα

1032 1174 1153 1210 μεγάλα·
1171 1173 1231 1200 ἀλλ’
1241 1173 1381 1210 εἰρήσεται
1395 1173 1461 1208 γὰρ,
1475 1173 1528 1200 κᾶν
1546 1173 1702 1208 ιπείγωμαι
1712 1182 1720 1189 ·
1736 1174 1753 1209 ή
1771 1174 1826 1210 γὰρ

1030 1220 1174 1256 προσθήκη
1188 1220 1270 1252 δείξει
1283 1220 1314 1247 τὸ
1335 1220 1401 1246 πᾶν.
1424 1219 1548 1254 ’Δπῆσαν
1566 1220 1616 1255 μὲν
1631 1220 1686 1256 γὰρ
1704 1221 1732 1248 αἱ
1747 1221 1826 1250 δυνά-

1032 1276 1094 1303 μεις
1117 1268 1150 1303 τῇ
1168 1266 1256 1300 πόλει,
1274 1268 1291 1299 ὴ
1322 1267 1371 1303 μὲν
1389 1267 1461 1294 κατὰ
1488 1267 1539 1302 τὴν
1562 1267 1617 1294 τῶν
1628 1269 1651 1284 ⁹¹
1666 1268 1826 1302 Αἰγυπτίων

1030 1315 1137 1350 χρείαν,
1156 1314 1220 1350 νῆες
1232 1315 1256 1331 ’⁸
1269 1314 1378 1346 πλείους
1390 1314 1405 1348 ἦ
1422 1313 1476 1340 τότ’
1491 1311 1562 1349 ἦσαν
1575 1314 1605 1340 ὲν
1619 1315 1677 1346 τοῖς
1693 1315 1826 1350 Ἕλλησιν

1030 1361 1058 1388 αί
1084 1361 1226 1395 σύμπασαι
1256 1359 1349 1395 σχεδὸν
1367 1360 1402 1392 ’³,
1423 1360 1440 1396 ή
1460 1360 1483 1386 δ’
1500 1360 1598 1396 Δίγίνῃ
1622 1362 1825 1399 προσεκάθητο.

1031 1406 1120 1441 ὀπερ
1142 1406 1190 1433 καὶ
1206 1407 1269 1438 τοὺς
1294 1406 1434 1438 ἐναντίους
1452 1406 1554 1441 μᾶλλον
1575 1407 1680 1442 ἐπῆρεν
1702 1409 1827 1444 ὁρμῆσαι

1030 1453 1100 1488 πρὸς
1114 1453 1149 1479 τὰ
1159 1453 1278 1488 Μέγαρα
1290 1461 1297 1469 ·
1311 1452 1396 1488 ῷοντο
1411 1453 1465 1488 γὰρ
1478 1451 1549 1480 εἶναι
1563 1454 1661 1491 σχολὴν
1673 1454 1827 1491 Ἀθηναίων

1031 1500 1071 1530 είς
1088 1499 1119 1526 τδ
1136 1499 1216 1534 ἔργον
1230 1499 1346 1531 ἑαυτοῖς.
1364 1499 1395 1526 Εί
1407 1499 1430 1526 δ’
1448 1499 1504 1535 ἄρα
1527 1500 1578 1527 καὶ
1598 1500 1633 1527 τὰ
1645 1500 1761 1537 δεύτερα
1786 1511 1826 1530 νι-

1031 1544 1101 1581 κῲη,
1127 1545 1185 1572 ἀλλ’
1207 1545 1306 1580 ἑτέραν
1325 1545 1485 1580 πολιορκίαν
1512 1545 1577 1582 [660
1596 1545 1642 1583 H.]
1666 1547 1760 1574 λύσειν
1776 1550 1827 1585 τῆς

1029 1591 1143 1625 Αἰγίνης
1153 1599 1160 1606 ·
1173 1591 1203 1617 οὐ
1218 1591 1272 1626 γὰρ
1291 1591 1403 1618 ἄλλοθέν
1413 1600 1444 1626 γε
1458 1591 1551 1618 λοιπὸν
1563 1593 1640 1628 ἥξειν
1661 1593 1773 1626 αὐτούς.
1794 1597 1826 1622 Ui

1029 1636 1057 1664 δὲ
1071 1636 1198 1663 τοσοῦτον
1211 1636 1400 1671 κατεγέλασαν
1414 1636 1462 1664 τοῦ
1475 1637 1653 1673 σοφίσματος,
1667 1638 1738 1666 ὥστε
1749 1640 1826 1667 οὐδὲν

1030 1682 1132 1717 μᾶλλον
1148 1682 1172 1709 οἱ
1186 1682 1256 1717 πρὸς
1272 1683 1368 1718 Αἰγίνῃ
1387 1682 1450 1709 τότε
1471 1683 1640 1720 ἐκινήθησαν
1658 1685 1715 1712 τῶν
1731 1686 1762 1712 ἐν
1776 1687 1825 1713 Δί-

1029 1728 1127 1762 γύπτῳ
1142 1729 1189 1755 καὶ
1208 1728 1293 1763 μηδὲν
1308 1728 1502 1764 πεπυσμένων.

1070 1773 1150 1801 Ἀλλὰ
1160 1774 1183 1790 ³⁵
1273 1773 1341 1809 μόνη
1355 1773 1405 1808 μὲν
1423 1774 1536 1801 ἁπασῶν
1551 1774 1653 1802 πόλεων
1666 1776 1743 1808 ίδίοις
1763 1786 1824 1804 κιν-

1027 1819 1115 1852 δύνοις
1128 1819 1222 1854 κοινὴν
1232 1819 1334 1847 ἅπαντι
1350 1819 1390 1856 τῷ
1408 1820 1485 1855 γένει
1498 1820 1549 1855 τὴν
1573 1821 1709 1855 ὠφέλειαν
1729 1823 1824 1859 ἐπορί-

1029 1875 1105 1899 σατο,
1124 1866 1192 1902 μόνη
1205 1866 1234 1892 δὲ
1251 1866 1282 1893 ὲκ
1296 1865 1352 1892 τῶν
1367 1867 1466 1893 κοινῶν
1475 1867 1642 1902 εὐεργεσιῶν
1655 1869 1706 1901 τὴν
1721 1870 1824 1905 ἠγεμο-

1027 1913 1088 1940 νίαν
1105 1913 1241 1947 ἐκτήσατο
1252 1913 1287 1943 ".
1308 1912 1355 1939 καὶ
1372 1912 1506 1949 μετέθηκε
1522 1914 1568 1941 τὸν
1585 1913 1685 1949 θεσμόν
1696 1923 1703 1930 ·
1721 1916 1753 1942 οὒ
1769 1916 1823 1952 γὰρ

1028 1959 1058 1991 ἐξ
1081 1956 1119 1986 ὧν
1142 1957 1367 1985 κατεδουλώσατο
1383 1958 1434 1990 τὰς
1458 1959 1550 1991 πόλεις
1561 1959 1624 1995 ἔσχε
1649 1961 1700 1996 τὴν
1722 1962 1823 1998 ἀρχὴν,

1028 2004 1086 2031 ἀλλ’
1102 2004 1132 2037 ἐξ
1147 2000 1184 2030 ὧν
1195 2003 1324 2039 ἐποίησεν
1336 2003 1494 2039 ἐλευθέρας.
1509 2003 1592 2031 Ὥστε
1604 2013 1636 2031 συ
1641 2005 1745 2040 μὸἧναι
1759 2007 1825 2039 τοὺς

1028 2050 1128 2082 αὐτοὺς
1142 2050 1256 2085 χρόνους
1267 2050 1324 2081 τοῖς
1342 2049 1392 2084 μὲν
1404 2050 1521 2086 Ἕλλησι
1540 2050 1570 2078 τὸ
1588 2052 1638 2086 τῆς
1651 2051 1822 2087 ἐλευθερίας,

1027 2097 1060 2131 τῇ
1078 2095 1107 2122 δὲ
1122 2095 1199 2122 πόλει
1227 2094 1257 2122 τὸ
1279 2096 1327 2131 τῆς
1345 2095 1433 2130 ἀρχῆς
1457 2095 1554 2130 κέρδος
1579 2096 1712 2130 ἐνεγκεῖν.
1738 2098 1824 2124 Μόνοι

1028 2141 1082 2176 γὰρ
1098 2141 1216 2167 ἑκόντων
1231 2137 1330 2176 ἧρξαν,
1346 2141 1394 2167 καὶ
1419 2140 1500 2175 μόνος
1519 2137 1597 2172 οὗτος
1615 2141 1710 2177 δήμων
1728 2142 1824 2178 ὥσπερ

1027 2183 1069 2218 εἶς
1090 2184 1184 2220 ἄρχων
1206 2184 1315 2220 αἱρετὸς
1338 2184 1367 2219 ἐξ
1386 2185 1516 2212 ἁπάντων
1540 2186 1661 2221 ἐνίκησε,
1683 2187 1748 2219 τοὺς
1774 2189 1824 2223 μὲν

183 2229 368 2264 principatum
386 2229 534 2264 acceperit,
549 2237 603 2264 quo
618 2230 650 2257 ad
664 2229 786 2263 iustitiae,
804 2238 855 2257 non
871 2231 975 2265 injuria:

1031 2230 1185 2266 βαρϐάρους
1210 2231 1267 2262 τοῖς
1287 2230 1381 2263 ὅπλοις
1398 2230 1575 2267 βιασάμενος,
1594 2231 1676 2268 [1224
1688 2233 1735 2269 IL]
1760 2236 1825 2266 τοὺς

184 2277 274 2300 notam
292 2278 423 2302 uteretur.
445 2273 482 2302 Ut
505 2280 598 2301 autem
625 2274 778 2309 singulatim
804 2282 861 2302 rem
890 2279 974 2303 totam

182 2320 328 2354 explicem,
342 2321 399 2347 sola
414 2320 472 2348 haec
489 2321 595 2352 civitas.
612 2320 740 2348 Barbaris
755 2321 858 2353 invitis.
873 2321 976 2350 Graecis

182 2372 272 2395 autent
290 2368 457 2402 petentibus,
478 2369 622 2404 imperium
642 2373 684 2396 est
701 2369 809 2403 adepta.
834 2368 901 2402 Quis
922 2377 974 2397 uu-

181 2420 264 2448 quant
282 2413 361 2448 digne
373 2413 413 2440 vel
429 2413 573 2448 expendat,
584 2413 626 2440 Vel
638 2414 789 2441 admiretur
798 2414 811 2441 'l
835 2413 871 2442 Ut
883 2419 973 2443 autem

183 2457 298 2493 insignis
311 2457 356 2484 illa
386 2458 478 2486 clades
495 2464 606 2494 accepta
622 2459 671 2486 fuit
686 2459 753 2495 (cur
765 2459 837 2486 enim
861 2460 913 2487 hoc
931 2465 974 2487 ta-

182 2511 270 2537 ceam,
289 2511 351 2531 cum
364 2509 390 2532 et
404 2504 491 2540 ipsum
507 2505 540 2532 ad
564 2505 638 2533 urbis
657 2505 868 2541 magnitudinem
885 2511 976 2534 osten-

182 2549 297 2577 dendam
313 2550 482 2586 pertineat?)
498 2559 558 2586 qua:
575 2552 612 2579 ita
628 2553 663 2579 sit
677 2553 710 2579 ad
725 2553 843 2588 reliquas
857 2561 902 2580 res
915 2561 976 2588 pro-

183 2603 288 2630 gressa,
310 2595 389 2631 quasi
417 2600 500 2624 totam
527 2597 644 2625 cepisset
668 2596 799 2631 Siciliam,
815 2604 866 2625 nec
883 2599 976 2633 copias

1027 2277 1051 2304 δ⁹
1069 2277 1224 2313 ὁμοφύλους
1239 2277 1270 2304 οὐ
1286 2278 1395 2310 πείσας,
1408 2277 1466 2305 ἀλλ’
1489 2279 1535 2305 ὑπ’
1545 2278 1637 2305 αὐτῶν
1647 2279 1745 2315 άρχειν
1765 2289 1824 2308 πει-

1029 2323 1114 2356 σθεὶς,
1131 2324 1267 2359 σύμϐολον
1278 2324 1301 2341 ³⁸
1313 2324 1489 2360 δικαιοσύνης
1503 2325 1573 2359 ἔχων
1589 2325 1638 2361 τὴν
1653 2326 1753 2361 ἀρχὴν,
1766 2327 1824 2354 ἀλλ’

1027 2371 1080 2398 οὐκ
1093 2371 1212 2402 ἀδικίας.
1230 2371 1261 2397 El.
1276 2370 1305 2397 δὲ
1319 2371 1360 2397 δεῖ
1375 2371 1499 2398 διελόντα
1514 2372 1614 2404 εἰπεῖν,
1633 2373 1701 2407 μόνη
1717 2373 1824 2400 πόλεων

1027 2417 1082 2443 τῶν
1096 2416 1145 2452 μὲν
1157 2416 1303 2453 βαρϐάρων
1316 2417 1448 2449 ἀκόντων,
1461 2417 1517 2444 τῶν
1527 2417 1549 2444 δ’
1569 2418 1704 2453 Ἐλλήνων
1715 2417 1824 2454 δεηθέν-

1028 2471 1083 2490 των
1097 2463 1119 2478 ⁷⁷
1135 2463 1198 2497 ἐσχε
1220 2463 1270 2497 τὴν
1285 2463 1383 2498 ἀρχήν.
1398 2463 1468 2498 Ποία
1481 2463 1503 2479 ’⁸
1519 2463 1596 2490 ταῦτ’
1610 2463 1698 2490 ἔνεστι
1711 2464 1734 2480 "
1750 2465 1822 2500 ψυχῇ

1029 2507 1197 2542 παραϐαλεῖν
1229 2507 1406 2544 ἀνθρωπίνῃ,
1436 2509 1483 2534 καὶ
1517 2508 1590 2541 τίνος
1615 2509 1667 2536 οὐκ
1695 2509 1824 2545 εὐτυχίας

1031 2552 1133 2588 μᾶλλον
1154 2551 1311 2587 οαυμάσαι;
1338 2552 1486 2586 γενομένου
1505 2553 1534 2579 δὲ
1554 2553 1601 2579 τοῦ
1627 2552 1747 2588 μεγάλου
1775 2553 1823 2580 πά-

1031 2598 1111 2630 θους·
1128 2598 1226 2634 οὐγὰρ
1248 2598 1295 2625 οὖν
1323 2599 1510 2635 σιωπήσομαι,
1539 2599 1609 2626 ἀλλὰ
1625 2599 1672 2626 καὶ
1688 2599 1771 2626 τοῦτο
1784 2599 1824 2626 ἔτι

842 2687 961 2716 VARI/li
973 2687 1182 2717 LECTIONES.

219 2758 243 2774 ⁸·
260 2758 312 2793 χρή
329 2765 385 2786 om.
402 2757 457 2790 ΑΒ,
473 2762 536 2784 ante.
551 2757 709 2793 προσθεῖναι
730 2759 805 2793 punit
821 2767 859 2786 rc.
876 2759 906 2786 Β.

187 2794 235 2819 σὺν
250 2802 305 2820 mu.
324 2794 357 2820 Δ.
395 2793 419 2808 ’⁸⁷
433 2793 601 2828 ἀπαριθμεῖν
616 2802 646 2825 ς,
698 2794 721 2809 ⁵³
735 2795 823 2828 τεῖχος
839 2795 872 2821 Α.

187 2828 210 2864 ’ξ
227 2829 304 2864 νῆες.
339 2828 363 2844 ’³
378 2827 471 2862 σχεδον
492 2827 548 2855 om;
573 2828 605 2855 Α.
663 2829 686 2845 ⁸⁸
699 2827 826 2864 etiam.
844 2829 908 2856 '2'”.

188 2862 210 2879 "
227 2862 390 2899 δεηθέντων]
407 2863 534 2897 ἑκόντων,
563 2864 641 2900 ιιιῳιε
656 2872 708 2898 rex,
727 2865 780 2891 Ali.

957 2759 979 2775 ⁸³
994 2759 1061 2794 πρὸς
1075 2767 1130 2787 οηι.
1175 2759 1198 2774 ⁸⁸
1209 2759 1355 2793 αφικέσθαι
1367 2758 1401 2786 Α.

926 2795 948 2810 σιτ»
961 2796 1010 2829 τὴν
1025 2802 1082 2822 om.
1095 2795 1128 2822 A.

959 2831 981 2846 “
1001 2830 1069 2864 μόνη
1085 2829 1113 2856 δὲ
1130 2845 1166 2850 -
1181 2830 1316 2864 ἐκτήσατο
1333 2838 1388 2857 om.
1407 2831 1440 2856 A.

836 2866 858 2880 "
877 2864 953 2900 ποίᾳι
979 2874 1005 2901 p.
1030 2865 1093 2892 279.
1131 2866 1153 2882 ³³
1169 2865 1226 2891 ἐστι
1242 2867 1275 2893 Λ,
1290 2864 1472 2901 παραϐάλλειν
1486 2866 1528 2892 A:
1546 2864 1704 2898 περιλαὸεἰν
1718 2872 1748 2897 ς’.

1450 2759 1473 2774 ⁸⁸
1489 2759 1610 2793 ἄγουσαν
1631 2758 1663 2785 Α.
1716 2759 1740 2775 ⁸⁸
1753 2759 1823 2787 ὥστε

1180 2795 1202 2810 ’⁸
1217 2794 1425 2829 ὑφαρπάζοντες
1449 2795 1480 2821 Δ.
1532 2794 1687 2854 ⁹¹Ιτὲνπῶν
1715 2802 1772 2822 om.
1789 2795 1821 2821 Δ.

1181 2830 1316 2864 ἐκτήσατο
1333 2838 1388 2857 om.
1407 2831 1440 2856 A.
1493 2829 1515 2845 ·⁶
1529 2838 1586 2864 συμ
1605 2837 1665 2855 ολον
1679 2829 1707 2855 δὲ
1720 2829 1776 2858 δικ.
1793 2830 1820 2856 Β.
