1923 3093
116 156 185 188 1473

639 158 905 190 BIBLIOTIIECA.
924 170 960 176 —
978 159 1060 190 COD.
1076 160 1220 192 CCXLVI.

1688 164 1757 199 14⁵74

115 211 203 248 μείζω
214 212 223 228 ί
241 219 288 247 μοι
305 211 380 239 δοκεῖ
396 211 408 228 ¹
433 211 570 240 δεικνύναι
586 212 638 249 τὴν
653 213 743 240 πόλιν.
757 213 836 240 Οὕτω
853 213 895 249 γὰι

960 214 1098 246 amisisse.
1109 216 1155 243 scd
1170 223 1255 244 novas
1271 223 1447 252 comparasse
1463 217 1612 246 videretur.
1641 218 1680 246 At:
1696 229 1752 246 mo-

112 259 171 289 τοίς
183 258 343 290 ὑπολοίποις
369 259 545 294 προσηνέχθη
565 260 739 295 πράγμασιν,
755 259 851 295 ὥσπερ
875 260 910 287 ἂν

112 305 138 331 εἰ
153 305 244 330 πᾶσαν
258 304 366 339 εἰλήφει
379 303 429 339 τὴν
451 304 589 332 Σικελίαν.
604 305 642 331 Οὐ
664 305 719 341 γὰρ
735 304 907 341 ἐστερημένῃ

111 349 257 384 δυνάμεως
268 348 360 384 ἐῴκει,
378 348 437 375 ἀλλ’
453 349 516 384 ἄρτι
531 350 775 386 προσκεκτημένῃ.
790 351 846 377 Καὶ
858 350 910 385 τὴν

113 396 165 430 μὲν
177 395 233 422 τῶν
251 395 362 431 τρόπων
385 395 512 422 εὐκολίαν
526 396 575 422 καὶ
595 397 774 432 σωφροσύνην
795 396 846 423 καὶ
861 395 910 422 τά·

113 441 173 474 ξιν¹
183 441 302 476 διαίτης,
313 441 347 476 ην
361 441 433 477 ὑπὲρ
443 441 491 468 τοῦ
509 441 593 476 μηδέν
607 441 720 477 αἰσχρὸν
732 441 909 477 συγχωρῆσαι

113 487 285 523 προείλοντο,
307 487 363 514 οὐδ’
379 487 412 514 ἂν
435 484 476 519 εἷς
493 487 578 520 ἀξίως
594 487 676 515 εἴποι.
694 487 909 522 Περιστάντων⁸

112 533 135 560 δ’
162 533 263 565 αὖτοὺς
286 533 343 560 τῶν
372 532 508 569 Ἑλλήνων
537 533 677 566 ἁπάντων,
705 534 752 560 καὶ
773 533 828 560 τῶν
858 533 908 568 μὲν

112 579 296 615 ὑπαρχόντων
316 579 455 614 πολεμίων
476 579 538 606 τότε
553 579 662 615 πρῶτον
678 579 816 607 λαϐόντων
832 579 909 606 ἐλπί-

109 625 160 657 δας
180 626 228 652 καὶ
252 625 476 660 παροξυνθέντων
491 625 544 652 ὑπὸ
559 626 608 661 τῆς
625 625 720 661 τύχης,
735 625 907 652 ἐπελθόντων

107 673 137 700 δέ
150 673 207 700 τῶν
236 674 268 699 ἐκ
285 673 421 707 Σικελίας,
439 673 614 709 μεταστάσης
627 673 656 700 δέ
677 673 727 709 τῆς
747 673 907 709 συμμαχίας

106 720 202 754 ὀλίγου
217 719 275 747 δεῖν
291 720 469 755 ἁπάσης,καὶ
479 721 569 755 νήσων
586 720 635 747 καὶ
645 720 763 756 ἠπείρου
779 720 826 747 καὶ
838 720 907 748 πάν-

105 774 164 792 των
178 766 216 797 ὼς
241 767 330 792 εἰπεῖν
355 766 494 801 πολεμίων
516 765 720 796 καταστάντων.
737 766 785 793 καὶ
801 775 905 793 παντα-

105 812 188 847 χόθεν
203 812 409 848 κεκυκλωμένοι
423 812 445 845 ⁸,
459 812 499 839 ἔτι
513 812 535 839 δ’
549 812 749 848 ἀγνωμοσύνης
770 812 905 848 ἀπροσδο-

105 859 194 893 κήτου
205 858 350 894 συμϐάσης
360 857 430 885 ὥστε
442 859 490 884 καὶ
503 858 616 894 βασιλέα
627 858 762 894 κληθῆναι
772 859 844 885 κατὰ
851 857 903 893 τῆς

104 904 214 936 πόλεως
231 904 284 931 ὑπὸ
298 905 353 931 τῶν
367 905 415 932 ἀπ’
430 905 537 931 ἐκείνου
555 903 698 931 σωθέντων
710 905 772 936 ταῖς
784 905 838 931 ἀπὸ
852 904 903 939 τῆς

103 950 212 982 πόλεως
226 950 354 986 πράξεσι,
371 951 590 986 προσγενομένου
612 950 641 976 δὲ
654 950 782 977 κάκείνου
803 951 814 966 ⁶
830 950 904 986 μάλα

101 997 234 1032 ἁσμένως
242 998 264 1028 ⁷,
276 998 322 1023 καὶ
331 997 570 1032 συμπολεμοῦντος
581 997 629 1024 καὶ
640 996 748 1032 σώμασι
763 997 810 1024 καὶ
824 997 903 1024 ναυσὶ

101 1044 153 1070 καὶ
165 1042 269 1079 χρυσῷ,
282 1044 330 1070 καὶ
346 1044 408 1070 τίνα
420 1044 471 1078 γῆς
479 1043 496 1079 ἦ
505 1043 658 1079 θαλάττης⁸
668 1042 789 1079 [τόπον]⁹
796 1044 827 1070 οὐ
836 1052 905 1079 παρ-

101 1090 214 1124 έχοντος
223 1090 352 1125 ἀφορμὴν
361 1089 425 1125 ¹⁶τῷ
435 1089 563 1126 πολέμῳ;
574 1087 609 1125 ἦν
620 1089 670 1125 μὲν
682 1087 729 1116 οὖν
736 1089 822 1121 οὐδεὶς
828 1090 903 1122 ὅστις

101 1136 157 1162 οὐκ
171 1136 206 1162 ἂν
221 1135 348 1171 ήλπισεν,
363 1135 464 1168 ἔξωθεν
474 1135 574 1162 οὑτωσὶ
586 1135 707 1168 σκοπῶν,
723 1135 903 1171 ἁναρπασθή-

102 1181 202 1208 σεσοαι
217 1181 264 1208 νῦν
272 1181 323 1216 ήδη
334 1181 384 1216 τὴν
400 1181 489 1215 πόλιν,
500 1181 572 1208 οὕτω
582 1181 603 1197 “
613 1181 696 1216 κοινῷ
709 1181 820 1216 πολέμῳ
835 1180 902 1217 βαρ-

101 1227 199 1262 δάρων
213 1235 243 1253 τε
264 1227 313 1253 καὶ
331 1227 464 1262 Ἐλλήνων
479 1227 665 1262 συνεχομένην
681 1227 718 1244 ⁸⁸·
735 1227 760 1253 οἱ
779 1227 809 1253 δέ
828 1226 901 1253 οὕτω

103 1273 279 1308 μετέστησαν
307 1273 341 1300 τὰ
372 1273 536 1308 πράγματα,
563 1272 661 1308 ὥσπερ
681 1272 810 1299 ἁπάντων
835 1271 900 1299 τού-

100 1326 158 1344 των
172 1318 244 1353 ὑπὲρ
258 1318 361 1352 αὐτῶν,
377 1318 434 1345 ἀλλ’
453 1318 484 1345 οὐ
496 1318 557 1345 κατ’
571 1317 661 1345 αὐτῶν
673 1318 694 1334 ³³
707 1317 869 1353 γινομένων,
882 1317 899 1353 ἢ

102 1363 333 1399 στρατηγούντων
351 1363 427 1398 σφίσι
446 1363 501 1390 τῶν
523 1364 672 1400 πολεμίων.
688 1363 816 1391 Διέλαὸον
835 1363 857 1379 ³⁸
867 1363 897 1391 δὲ

100 1409 244 1445 τροπαίοις
265 1410 311 1436 τὸν
341 1409 539 1446 Ἑλλήσποντον
565 1410 663 1442 ἄλλους
690 1409 788 1437 ἄλλοσε
814 1417 900 1436 κατα-

100 1455 263 1490 δίώκοντες,
276 1455 372 1492 ὥσπερ
392 1456 508 1491 μελέτας
524 1456 626 1491 μᾶλλον
646 1456 676 1483 ἐν
697 1456 790 1490 σφίσιν
807 1456 898 1487 αὐτοῖς

101 1502 118 1537 ἢ
137 1503 294 1538 ναυμαχίας
321 1503 390 1538 πρὸς
414 1503 478 1534 τοὺς
508 1503 723 1538 ἐντυγχάνοντας
745 1502 789 1529 ἀεὶ
809 1500 899 1528 ποιού-

962 268 1020 287 rum
1048 261 1156 295 quidem
1184 261 1354 295 facilitatem,
1389 264 1608 297 temperantiam,
1637 265 1756 299 vitarquc

961 306 1093 334 rationem
1108 308 1141 334 ad
1161 306 1252 342 fugam
1279 308 1455 342 turpitudinis
1479 315 1644 344 susceptam,
1675 319 1756 338 nemo

960 353 1038 380 facile
1053 360 1101 387 pro
1116 353 1248 388 dignitate
1260 354 1368 381 dixerit.
1391 353 1489 381 Verum
1504 361 1566 382 cum
1589 355 1675 383 Graeci
1692 363 1752 383 om-

960 406 1008 425 nes
1024 399 1083 426 illos
1097 397 1343 432 circumsisterent,
1356 405 1383 427 et
1398 400 1506 435 antiqui
1522 401 1612 429 hostes
1629 407 1684 429 tum
1699 403 1754 437 pri-

959 452 1033 471 mum
1048 453 1081 472 ex
1103 445 1213 472 fortuna
1233 453 1308 481 spem
1322 446 1470 481 cepissent,
1494 447 1556 474 novi
1572 453 1662 475 autem
1682 455 1697 475 e
1711 448 1754 475 Si-

958 490 1019 517 cilia
1030 491 1202 524 accoderent,
1217 491 1344 519 otnnibus
1357 499 1421 519 vero
1443 492 1538 525 sociis,
1560 493 1680 520 onmium
1699 498 1753 520 tam

959 537 1106 564 insularum
1128 545 1208 572 quam
1237 538 1377 572 regionum
1402 538 1516 565 aliarum
1535 537 1692 570 rebelliom,
1726 538 1752 566 in

958 583 1051 610 hostes
1076 583 1198 615 mutatis,
1210 583 1274 610 illud
1288 589 1418 618 pnelerea
1432 583 1562 619 ﬂagitium
1577 589 1674 619 praeter
1688 585 1750 619 opi-

958 629 1067 656 nionem
1082 629 1352 662 comtnissumesset,
1378 635 1406 656 ut
1429 637 1519 664 regem
1535 635 1630 657 contra
1655 633 1751 658 urbem

957 673 1120 706 advocarent
1132 674 1160 706 ii,
1175 682 1243 709 quos
1257 675 1289 701 ab
1305 682 1339 701 eo
1354 676 1420 702 urbs
1439 677 1595 703 servaverat
1610 685 1618 703 :
1635 676 1679 704 ille
1689 684 1753 704 vero

957 717 1046 746 libens
1071 721 1234 752 advenisset,
1252 719 1353 756 505:1
1388 725 1490 748 actum
1521 721 1664 755 militibus,
1694 726 1750 749 tum

956 764 1081 797 navibus,
1101 770 1156 791 tum
1166 765 1248 792 etiam
1269 767 1382 800 pecunia
1406 775 1485 802 opem
1502 767 1554 795 illis
1571 767 1665 800 ferret,
1689 776 1750 795 om-

957 809 1036 837 nibus
1052 815 1132 837 terra:
1151 812 1289 846 marisque
1305 812 1372 840 locis
1385 813 1410 840 in
1426 813 1489 840 belli
1512 814 1663 842 subsidium
1681 822 1750 849 prte-

956 855 1030 883 stitis
1047 865 1054 884 :
1074 864 1127 884 non
1143 862 1203 884 erat
1218 858 1372 893 quisquam,
1386 859 1433 893 qui
1456 867 1509 887 non
1524 860 1647 887 crederet
1660 860 1748 895 prima

920 889 941 917 Β
956 901 1045 929 fronte
1061 904 1155 929 urbem
1180 889 1434 938 ianuam—direptum
1450 905 1494 938 iri,
1517 913 1598 940 quam
1615 889 1700 933 Graeci
1713 907 1752 934 si-

956 948 1011 975 mul
1027 953 1055 976 et
1075 949 1184 976 barbari
1204 949 1274 977 bello
1288 955 1427 978 vexarent.
1451 950 1486 978 At
1503 952 1529 978 hi
1547 959 1608 979 eam
1626 951 1750 979 fecerunt

954 1001 1044 1022 rerum
1057 995 1245 1028 mutationem,
1267 996 1345 1031 quasi
1359 1002 1505 1032 apparatus
1531 998 1577 1025 ille
1598 1006 1651 1025 non
1675 999 1751 1025 tlam-
1810 995 1812 998 ’

954 1047 1018 1067 num
1044 1041 1109 1075 ipsis
1133 1041 1223 1076 potius
1235 1048 1316 1076 quant
1333 1043 1464 1070 auxilium
1480 1044 1627 1076 attulisset,
1643 1044 1751 1079 ipsique

953 1085 1021 1112 adeo
1045 1086 1138 1113 hostes
1161 1086 1224 1114 belli
1251 1087 1332 1115 duces
1347 1095 1378 1115 se
1409 1089 1596 1123 praebuissent.
1627 1088 1750 1125 Tropteis

952 1128 1155 1164 Hellespontum
1168 1131 1365 1166 distinxerunt,
1382 1133 1442 1162 aliis
1455 1135 1509 1162 alio
1523 1134 1634 1170 fugatis,
1648 1144 1679 1163 ac
1695 1143 1744 1163 ve-

952 1175 1091 1204 litationes
1101 1178 1191 1211 potius
1212 1185 1293 1212 quam
1310 1179 1403 1213 praelia
1422 1187 1484 1207 cum
1508 1181 1596 1210 obviis
1621 1183 1750 1209 commit-

953 1226 1052 1256 tentes,
1075 1225 1302 1258 quemadmodum
1323 1230 1379 1253 tum
1400 1234 1414 1253 a
1431 1227 1521 1259 nobis,
1547 1232 1604 1255 tum
1628 1228 1663 1256 ab
1686 1228 1748 1256 aliis

951 1273 1030 1294 antea
1043 1269 1144 1296 dictum
1168 1269 1228 1297 fuit.
1247 1270 1367 1305 Denique
1391 1272 1422 1298 ad
1439 1272 1568 1307 Cyzicum
1585 1273 1666 1300 simul
1682 1281 1745 1301 cum

950 1313 1173 1349 Lacedaemoniis,
1201 1315 1313 1349 Cra-cis,
1347 1317 1471 1345 barbatis
1487 1337 1495 1350 .
1522 1323 1550 1346 et
1573 1319 1750 1346 Pharnabazo

950 1361 1099 1397 congressi,
1118 1369 1200 1389 naves
1213 1370 1319 1396 Otones,
1335 1368 1432 1398 praeter
1452 1371 1498 1391 eas
1520 1372 1588 1398 quas
1605 1366 1749 1399 depresse-

950 1412 1023 1441 rant,
1034 1412 1175 1442 ceperunt.
1192 1409 1284 1444 itaque
1299 1416 1359 1444 qua:
1373 1413 1445 1436 tanta
1459 1410 1598 1437 laborarat
1618 1411 1749 1439 seditione

949 1453 1057 1485 civitas,
1075 1453 1126 1481 hoc
1156 1458 1280 1488 tempore
1301 1463 1334 1482 ne
1354 1456 1519 1483 mentionem
1539 1457 1646 1491 quidem
1673 1457 1748 1492 pacis

949 1497 1014 1526 fecit
1030 1499 1123 1532 ullam,
1140 1507 1202 1526 cum
1219 1500 1256 1527 illi
1269 1501 1367 1534 quibus
1382 1505 1421 1528 tot
1444 1502 1521 1528 initio
1543 1502 1749 1537 suppeditarunt

102 1556 193 1583 μενοι.
206 1549 324 1585 Εἴρηται
340 1558 382 1581 τε,
398 1549 444 1576 καὶ
461 1548 633 1584 ἐνεθυμήθην
649 1548 687 1580 ὡς
708 1548 794 1583 ἑτέρῳ
808 1546 895 1582 προεί-

955 1547 1104 1579 commoda,
1119 1547 1196 1573 clade
1217 1551 1341 1582 accepta,
1358 1556 1420 1575 mox
1438 1550 1471 1575 ad
1501 1557 1593 1583 pacem
1618 1548 1747 1584 confuge-

102 1603 196 1630 ρηται.
210 1595 293 1628 Τέλος
314 1595 337 1622 δ’
358 1596 407 1622 ἐπὶ
425 1594 538 1629 Κυζίκῳ
568 1595 756 1629 συμπεσόντες
777 1593 837 1630 [661
850 1591 896 1629 ιι]

951 1597 1022 1620 rent.

100 1641 170 1676 ὁμοῦ
183 1641 411 1676 Λακεδαιμονίοις
433 1641 480 1667 καὶ
496 1642 553 1672 τοῖς
573 1641 629 1667 ἀπὸ
643 1641 693 1674 τῆς
710 1639 836 1670 Ἑλλάδος
854 1639 902 1665 καὶ
920 1639 976 1670 τοῖς
989 1639 1043 1664 ἀπὸ
1051 1638 1101 1672 τῆς
1115 1637 1210 1670 Ἀσίας
1227 1637 1376 1673 βαρϐάροις
1387 1639 1435 1665 καὶ
1462 1639 1630 1674 Φαρνασὰζῳ
1644 1639 1747 1674 λαμϐά-

100 1695 178 1713 νουσι
194 1687 245 1718 τὰς
262 1686 327 1719 ναῦς
342 1686 418 1722 παρὰ
432 1686 559 1713 τοσοῦτον
569 1686 600 1712 ού
614 1685 716 1718 πάσας,
728 1685 794 1721 παρ’
821 1685 886 1717 ὅσας
903 1684 1069 1719 διέφθειραν.
1086 1684 1169 1709 Ὥστε
1183 1684 1204 1699 ¹⁵
1217 1685 1233 1719 ή
1252 1684 1301 1719 μὲν
1314 1684 1441 1710 τοσοῦτον
1463 1685 1664 1719 ὑπερϐληοεῑσα
1693 1685 1746 1712 ὑπὸ

100 1736 152 1770 τῆς
181 1734 340 1765 συστάσεως
365 1734 443 1765 πόλις
469 1734 524 1760 οὐδ’
547 1733 633 1769 όνομα
653 1734 764 1769 εἰρήνης
793 1733 837 1759 ἐπ’
854 1733 968 1759 ἐκείνων
982 1731 1036 1758 τῶν
1055 1731 1161 1766 χρόνων
1188 1731 1338 1766 ἐνενόησεν,
1367 1732 1392 1758 οἰ
1405 1731 1428 1757 δ’
1451 1731 1506 1758 ἀπὸ
1528 1731 1663 1759 τοσούτων
1692 1733 1740 1759 καὶ

99 1781 271 1819 τηλικούτων
297 1781 544 1817 πλεονεκτημάτων
570 1781 729 1817 ὁρμώμενοι
761 1780 913 1815 πληγέντες
936 1779 1105 1814 κατέφευγον
1118 1778 1200 1810 εὐθὺς
1215 1778 1262 1805 ἐπὶ
1277 1780 1327 1814 την
1341 1780 1462 1814 εἰρήνην,

137 1830 200 1856 Ἔτι
216 1830 239 1846 ¹⁶
251 1830 279 1856 δέ
294 1830 364 1865 αὐτὴ
380 1830 429 1865 μέν
454 1829 522 1864 πρὸς
548 1829 672 1860 ἅπαντας
685 1828 754 1864 ὁμοῦ
767 1828 895 1863 πολεμεῖν

98 1874 273 1910 ἠνάγκασται
283 1875 304 1890 ¹⁷
315 1875 379 1906 τοὺς
394 1874 521 1906 ἐπιόντας
532 1873 549 1908 ἠ
564 1873 716 1905 κινοῦντας,
724 1873 779 1899 τῶν
789 1872 811 1899 δ’
821 1873 896 1898 ἐναν-

97 1921 165 1947 τίων
179 1921 204 1947 οἰ
221 1921 343 1947 πλεῖστοι
366 1919 434 1956 πρὸς
454 1920 538 1956 μέρος
563 1919 648 1955 αὐτῆς
676 1919 845 1954 ἁντήρκασιν
860 1918 893 1950 ³⁸,

97 1968 203 2001 ἀθρόας
228 1967 257 1993 δέ
278 1967 329 2002 τῆς
361 1966 501 2001 δυνάμεως
517 1966 533 2002 ἢ
550 1967 593 1998 τὶς
608 1966 625 2001 ἢ
640 1966 728 1997 οὐδεὶς
748 1964 892 2000 ἐπειράθη.

98 2013 182 2039 Ὥστε
199 2013 215 2047 ἠ
230 2013 285 2039 τῶν
315 2011 465 2047 ’ΔΘηναίων
488 2010 567 2042 πόλις
581 2012 708 2045 νενίκηκε
728 2010 778 2045 μὲν
807 2009 893 2036 πολλὰ

96 2058 131 2093 δὴ
146 2057 289 2089 πολλάκις,
303 2056 374 2092 αὐτὴ
404 2056 427 2082 δ’
436 2056 481 2082 ἴσα
498 2056 546 2082 καὶ
571 2055 707 2090 ἀήττητός
722 2055 790 2081 ἐστι.
813 2054 850 2080 "re
863 2054 892 2081 δέ

97 2104 210 2130 πάντων
237 2103 378 2137 μέγιστον,
399 2102 439 2128 ὄτι
457 2101 544 2136 αὐτῆς
564 2101 612 2136 μέν
627 2101 716 2132 οὐδεὶς
740 2100 893 2135 ἐκράτησεν

97 2149 199 2185 (οὐδεὶς
212 2149 267 2185 γὰρ
280 2149 368 2183 αὐτῆς
380 2149 430 2184 τὴν
462 2148 576 2183 γνώμην
598 2148 802 2182 παρεστήσατο,
823 2145 891 2172 ἀλλὰ

97 2195 230 2231 στρατιᾶς
243 2195 341 2229 γέγονε
364 2194 455 2221 πάντα
469 2193 505 2220 τὰ
527 2192 641 2219 τοιαῦτα
665 2193 687 2209 ¹⁹
706 2191 890 2227 ἀτυχήματα).

984 1827 1106 1861 Cumque
1123 1826 1181 1860 ipsa
1204 1826 1285 1852 simul
1302 1831 1396 1852 contra
1411 1826 1531 1853 onmium
1550 1826 1666 1860 impetus
1693 1834 1743 1861 op-

945 1882 1046 1910 ponere
1062 1882 1092 1901 se
1108 1879 1203 1901 coacta
1218 1873 1264 1906 sit,
1282 1874 1375 1902 hostes
1404 1874 1528 1909 plerique
1558 1877 1662 1908 partem
1683 1874 1741 1908 ejus

945 1919 1061 1953 aliquam
1075 1917 1248 1950 infestarunt,
1260 1917 1402 1945 universas
1415 1918 1508 1952 copias
1524 1925 1662 1952 nunquam
1676 1921 1740 1944 stmt

944 1963 1077 1999 aggressi.
1094 1964 1265 1997 Quapropter
1278 1968 1306 1990 et
1320 1963 1459 1990 civitatem
1474 1963 1554 1995 hanc,
1583 1969 1611 1991 et
1639 1963 1740 1990 mullos

943 2017 1015 2044 szepe
1028 2009 1136 2041 vicisse,
1151 2013 1177 2035 et
1193 2014 1322 2042 perpetuo
1339 2009 1469 2036 invictam
1495 2017 1655 2044 permanere
1680 2017 1738 2037 me‘

943 2056 997 2083 rito
1013 2055 1174 2082 dixerimus.
1192 2054 1262 2088 Quid
1281 2055 1353 2089 quod
1369 2055 1427 2090 ipsa
1449 2063 1527 2083 nemo
1543 2063 1661 2090 unquam
1688 2063 1738 2091 po-

945 2102 1074 2133 titust-st,
1096 2108 1145 2128 nec
1157 2101 1216 2134 ejus
1247 2100 1388 2128 consilium
1419 2102 1543 2134 mutavit,
1569 2102 1740 2136 quandoqui-

944 2145 1005 2172 dem
1021 2144 1133 2180 reliquze
1148 2145 1240 2172 clades
1254 2145 1288 2171 ad
1313 2145 1463 2172 exercitum
1490 2145 1658 2177 referuntur,
1676 2153 1737 2172 cutn

945 2191 1001 2225 ipsa
1019 2196 1074 2218 tam
1095 2190 1208 2218 consilia
1225 2190 1344 2217 hostium
1374 2199 1456 2225 quatn
1478 2190 1549 2218 facta
1575 2191 1737 2226 subjugarit.

95 2225 169 2275 αὑτὴ
180 2240 209 2266 δέ
283 2225 403 2274 ’γνώμας
415 2239 469 2265 τῶν
481 2238 611 2265 ἐναντίων
625 2238 648 2254 ¹⁰
662 2237 720 2273 ἃμα
731 2225 891 2272 τοίς-ἐργοις

955 2237 1042 2262 tartim
1059 2234 1149 2262 Xerxe
1164 2243 1198 2262 ex
1215 2240 1279 2262 voto
1293 2236 1402 2271 egregie
1420 2236 1523 2270 l'ttgato,
1540 2237 1637 2271 partim
1658 2225 1739 2264 Lace-

95 2285 273 2318 δεδούλωται,
285 2284 389 2321 Ξέρξην
405 2284 456 2320 μὲν
471 2284 583 2319 φεύγειν
607 2283 662 2310 ἀπὸ
690 2283 744 2310 τῶν
762 2283 891 2319 πραγμά-

96 2340 154 2358 των
170 2332 308 2367 ποιήσασα
332 2332 362 2357 ἐν
387 2330 471 2366 εὐχῆς
496 2331 586 2366 μέρει,
604 2330 837 2365 Λακεδαιμονίους
863 2329 892 2356 δὲ

96 2378 267 2406 ἀνακλίνασα
280 2379 330 2413 οὐχ
339 2374 421 2413 ἦττον
434 2378 497 2409 τοὺς
514 2376 689 2411 ἀκούονταςῆ
704 2377 767 2407 τοὺς
790 2376 820 2402 ἐν
831 2376 892 2408 ταῖς

97 2426 202 2461 μάχαις
217 2425 354 2461 παρόντας
367 2424 415 2451 καὶ
426 2423 596 2454 πταίσαντας
611 2422 712 2450 αὐτῶν.

113 2471 183 2508 [Εἰς
196 2471 223 2498 τί
235 2471 392 2504 ἅνέκλινενς
407 2471 424 2505 ἢ
435 2472 474 2502 εἰς
488 2470 519 2496 τὸ
538 2469 706 2504 ἐπιθυμῆσαι
722 2470 834 2505 εἰρήνης
844 2469 872 2506 ;]

134 2518 254 2554 Εἰρήνην
264 2519 286 2534 ’⁵
300 2518 356 2554 γὰρ
371 2516 581 2551 Λακεδαιμόνιοι
604 2516 765 2552 ἀπηξίωσαν
775 2518 891 2553 ποιήσαι

96 2564 161 2592 σθαι
179 2564 247 2600 πρὸς
264 2564 412 2599 Θηϐαίους,
439 2563 509 2599 μόνῃ
526 2564 560 2598 τῇ
586 2563 640 2590 τῶν
663 2563 814 2598 Ἀθηναίων
840 2563 890 2591 πό-

94 2609 138 2636 λει
167 2609 322 2646 νομίζοντες
355 2609 442 2636 εῑκειν
477 2608 606 2644 εὐπρεπῆ
634 2609 779 2644 συμφορὰν
808 2607 890 2637 εἶναι.

940 2281 1092 2315 daemoniis,
1111 2286 1139 2308 et
1152 2281 1320 2315 absentibus,
1335 2287 1362 2310 et
1378 2282 1570 2318 praesentibus,
1584 2287 1666 2318 atque
1694 2283 1738 2310 vi-

941 2327 992 2355 ctis
1003 2327 1150 2363 repressis.

981 2469 1038 2506 [Ad
1064 2469 1128 2504 quid
1144 2469 1293 2502 inclinavit,
1321 2469 1372 2497 nisi
1386 2471 1419 2497 ad
1433 2471 1606 2506 cupiditatem
1624 2473 1734 2509 parin]

980 2515 1086 2543 Etenim
1103 2514 1297 2542 Lacedaunonii
1326 2523 1386 2542 ctnn
1404 2524 1454 2544 nec
1470 2525 1564 2552 pacem
1577 2526 1650 2552 ,ςυιη
1665 2519 1735 2546 The-

944 2562 1022 2590 banis
1035 2562 1125 2589 facere
1140 2562 1327 2596 dignarentur,
1347 2562 1413 2589 solis
1427 2563 1542 2590 Athenis
1573 2564 1685 2591 honeste
1707 2572 1737 2592 se

944 2616 1069 2636 cessuros
1087 2607 1150 2640 rati,
1163 2611 1190 2634 et
1206 2614 1267 2634 cum
1283 2608 1345 2636 aliis
1355 2615 1388 2635 ex
1398 2608 1584 2644 Peloponneso
1599 2609 1735 2645 conjuncti

761 2667 879 2696 νΑιιιιλΕ
899 2667 1102 2696 LECTIONES.

134 2741 142 2756 '
157 2739 259 2775 μείζων
275 2739 306 2772 Α,
319 2739 412 2775 μεῖζον
426 2739 456 2768 Β.
492 2740 503 2756 ⁸
519 2740 593 2766 δοκεῖ
605 2747 661 2775 om.
673 2737 708 2764 Δ.
746 2738 757 2754 ³
769 2738 847 2775 ταξιν
861 2737 910 2765 καὶ
923 2738 1103 2775 σωφροσύνην
1119 2748 1150 2772 ς.
1188 2739 1200 2755 ⁸
1214 2739 1406 2766 καταστάντων
1420 2739 1480 2766 add.
1497 2739 1530 2766 Α.
1568 2739 1734 2775 ’,κεκυκλω-

97 2773 187 2815 μένων
202 2784 231 2808 ς.
289 2773 483 2815 κᾶκείνουιοιη.
497 2775 529 2802 Λ.
549 2774 690 2815 ἀσμέγου
704 2782 734 2815 ς.
771 2773 784 2815 '_
797 2773 935 2815 θαλασσης
948 2773 992 2815 gf
1020 2775 1127 2815 '_-:6_m_v
1140 2783 1196 2815 om.
1211 2775 1246 2815 Αἴ
1285 2774 1507 2815 *οιὰφορμηνρῇ
1520 2774 1685 2815 παρέχοντος
1701 2783 1733 2806 ς.

98 2808 118 2826 ί·
137 2810 225 2846 οὕτω,
260 2811 283 2846 ξ’
293 2810 593 2846 συνεχομένηνηοιιιεΛ.
611 2808 616 2810 ⁷
634 2809 661 2846 [³Δ
670 2809 738 2846 ὑπὲρ
755 2809 844 2846 αὐτῶν
928 2810 958 2835 οὐ
975 2810 1139 2846 κατίαὺτῶν
1153 2811 1176 2836 Δ
1191 2810 1251 2846 εῗοὺ
1271 2810 1319 2836 καὶ
1340 2808 1432 2836 αὐτῶν
1449 2809 1507 2846 ἀλλ’
1519 2809 1589 2846 ὑπὲρ
1600 2810 1691 2836 αὐτῶν
1701 2818 1733 2846 ς.

98 2845 120 2861 ’⁵
133 2845 269 2882 διέλαϐον]
290 2853 316 2882 με
331 2844 406 2882 28οί
436 2845 457 2861 ¹¹
469 2844 553 2882 ᾦστε]
568 2854 595 2881 p.
613 2844 678 2882 28I_.

717 2844 739 2860 ι·
753 2844 793 2870 ἔτι
817 2851 844 2878 p.
854 2844 920 2872 285.

968 2845 988 2860 ¹⁷
1007 2845 1137 2888 πολεμεῖν
1151 2845 1219 2888 optat?
1237 2845 1435 2888 qvéyxagto‘;:
1490 2844 1511 2860 "'
1525 2845 1697 2888 ἀντήρκεσαν
1713 2845 1735 2871 Β

97 2888 124 2908 et
137 2888 210 2908 eorr.
223 2877 269 2908 Λ.”
290 2877 317 2897 ἰ’
330 2880 442 2909 τοιαῦτα
456 2880 518 2908 add.
532 2877 577 2909 ᾹῘ
603 2881 626 2897 ὀ
642 2879 697 2908 τῶν
712 2877 843 2907 ἐναντίων
856 2887 910 2908 om.
930 2879 962 2913 A,
975 2887 990 2907 ε
1006 2877 1159 2909 correctore
1169 2877 1256 2909 habet
1268 2877 1301 2908 B.‘
1343 2879 1365 2896 "
1379 2879 1491 2915 εἰρήνην
1509 2888 1537 2916 p.
1551 2877 1615 2908 386.
