1923 3093
180 150 250 184 1475

755 149 887 180 ΡΠΟΤΠ
908 150 1161 180 ΡΛΤΒΙΛΙΠἸΗᾸΞ
1180 150 1235 180 CP.

1739 147 1809 179 1476

180 210 239 244 ejus
252 209 365 238 salutem
382 215 436 236 non
452 211 506 234 tam
523 207 620 235 aﬂ'erre
643 215 724 242 quam
750 209 887 243 postulare
902 215 966 244 pos-

1028 207 1232 243 ¹Λναμιχθέντες
1239 205 1268 233 δὲ
1277 206 1333 237 τοῖς
1339 199 1429 238 ἄλλοις
1441 204 1581 240 πολεμίοις
1590 205 1613 221 ¹¹
1621 204 1704 240 [1225
1717 204 1766 240 [1.]
1776 204 1807 230 οὐ

181 259 255 288 sent,
281 253 380 290 4056
394 257 475 281 erant
498 260 562 280 vero
584 252 663 287 paulo
685 252 776 286 plures
790 260 870 286 quam
884 253 970 287 quin-

180 300 318 336 quaginta,
332 300 410 334 primi
423 299 503 333 hujus
516 298 620 326 consilii
631 302 769 331 auctores,
783 298 884 333 pariter
906 305 971 326 com

181 351 221 373 tra
248 345 480 376 Lacedaemonios.
508 344 577 372 mari
603 348 730 379 terraque
755 344 927 378 imperantes,
944 348 971 372 et

180 398 228 418 eos
243 391 290 425 qui
303 391 329 417 in
347 390 414 418 urbe
429 394 520 422 erant,
533 389 684 424 periculose
695 389 855 425 obiecerunt
869 398 876 416 ι
893 389 965 424 qttod

179 438 368 464 existimarent
386 435 438 464 sibi
454 435 496 462 vel
516 436 609 463 liberis
624 436 779 468 vivendum,
800 435 842 463 vel
866 435 972 470 ignavis

180 482 357 516 oppetendum
372 487 444 513 esse,
464 487 500 507 ne
520 479 605 507 solem
636 481 774 508 conseitnn
791 481 970 508 intuerentur.

181 526 216 554 Ut
229 526 302 553 enim
316 525 391 560 juxta
407 532 580 552 communem
596 525 733 552 hominum
744 530 870 552 naturam
884 532 971 560 aegro-

181 572 257 604 tavit.
274 572 310 599 ita
327 572 404 606 juxta
424 578 500 598 suam
517 570 568 598 fuit
586 575 694 603 sanata,
710 570 872 606 laudemque
888 579 922 598 ex
938 578 972 598 eo

179 615 322 651 majorem,
338 624 418 651 quam
434 616 538 643 cladem
561 615 691 650 percepit.
707 615 784 649 Quod
800 623 862 643 cum
890 615 972 642 fecis-

179 668 249 697 sent,
272 667 331 691 tum
348 663 447 691 deinde
471 662 594 690 hostibus
624 661 794 695 fortitudine,
822 667 849 690 et
878 662 973 690 amicis

180 709 309 743 :equitate
341 708 487 742 superatis,
505 707 606 742 partim
625 707 727 735 bellicis
742 708 853 738 viribus.
874 707 972 742 partim

181 759 288 782 maturo
303 759 363 789 post
380 761 424 781 res
437 757 527 789 gestas
542 753 668 786 consilio,
689 753 805 788 patriam
821 760 971 788 recupera-

181 803 253 827 runt.
279 799 450 834 Quapropter
478 799 500 826 si
517 800 578 834 quis
593 799 685 826 omnia
711 806 762 826 non
778 799 885 826 studeat
899 806 973 826 com-

180 843 272 878 plecti,
294 845 317 872 is
328 849 466 878 acceptam
484 844 510 871 in
535 844 605 872 bello
620 844 726 871 cladem
741 848 832 878 potest
849 844 973 872 dissimu-

1023 252 1122 288 μᾶλλον
1134 252 1232 284 σώζειν
1242 252 1351 287 ἑτέρους
1366 249 1474 286 abjqu
1488 250 1543 278 τῶν
1551 249 1638 277 ἄλλων
1648 250 1753 277 ἐδέοντο
1760 248 1812 276 σώ-

1021 297 1077 331 ζειν
1092 298 1173 332 σφᾶς,
1188 297 1222 324 οἳ
1238 305 1269 331 γε
1284 297 1307 312 ⁸³
1320 296 1417 330 ὀλίγων
1429 296 1479 331 μὲν
1495 295 1605 327 πλείους
1625 295 1702 327 ὅντες
1715 294 1733 329 ἢ
1749 302 1813 320 πεν-

1020 343 1141 378 τήκοντα
1154 344 1179 370 οί
1193 342 1297 379 πρῶτοι
1316 343 1340 358 ⁸⁵
1351 341 1439 369 ταῦτα
1455 341 1650 377 βουλεύσαντες
1659 339 1728 375 ὁμοῦ
1739 339 1811 375 πρός

1020 397 1051 416 τι
1067 388 1118 425 τὴν
1143 388 1362 424 Λακεδαιμονίαν
1395 387 1482 423 ἀρχὴν
1499 387 1551 423 γῆς
1572 387 1619 414 καὶ
1638 386 1775 421 θαλάττης
1788 386 1810 401 ’³

1021 434 1115 466 οὖσαν,
1124 435 1172 461 καὶ
1189 434 1256 470 πρὸς
1277 433 1342 465 τοὺς
1354 434 1384 460 ὲν
1401 433 1471 468 αὐτῇ
1485 434 1519 468 τῇ
1544 432 1621 458 πόλει
1643 431 1810 458 κινδυνεύειν

1022 480 1192 515 ὑπέστησαν,
1211 479 1329 514 οἰόμενοι
1359 479 1414 506 δεῖν
1429 479 1446 514 ἦ
1459 479 1508 514 ζῇν
1519 478 1548 504 ἐν
1561 477 1713 513 ἐλευθερίᾳ,
1737 477 1754 512 ἢ
1774 477 1809 511 μὴ

1023 526 1160 561 προσορᾷν
1176 525 1222 552 τὸν
1233 525 1310 560 ἥλιον
1336 525 1437 556 κακίας
1454 524 1582 559 μάρτυρα
1609 524 1717 555 ἑαυτοῖς
1730 523 1755 538 ’⁸
1769 531 1811 556 γε·

1022 572 1146 606 νόμενον.
1156 571 1284 606 Ἐνόσησε
1294 570 1344 606 μὲν
1354 570 1410 606 γὰρ
1423 572 1456 606 τῇ
1472 569 1526 597 τῶν
1535 569 1644 597 πάντων
1657 569 1811 605 ἀνθρώπων

1023 617 1114 652 φύσει,
1133 617 1195 652 ἰάθη
1209 617 1238 644 δὲ
1252 618 1286 652 τῇ
1301 617 1410 652 ἑαυτῆς,
1427 616 1498 643 ὥστε
1524 616 1572 643 καὶ
1598 615 1677 642 τοῦτο
1689 615 1713 631 ³⁵
1727 615 1810 649 ζῆλον

1024 663 1093 700 αὐτῇ
1122 664 1224 699 μᾶλλον
1251 664 1381 699 ἐνήνοχεν
1396 663 1413 698 ἢ
1430 663 1585 698 συμφοράν.
1615 661 1812 697 Κρατήσαντες

1022 709 1050 736 δὲ
1063 709 1180 745 εὐψυχίᾳ
1192 709 1214 725 ’⁸
1228 709 1291 741 τοὺς
1302 709 1427 744 ἐχθροὺς,
1446 708 1582 744 ἐπιεικείᾳ
1603 708 1667 739 τοὺς
1693 707 1811 737 οίκείους

1023 754 1162 790 ὲνίκησαν.
1179 754 1357 789 Χρησάμενοι
1373 753 1401 780 δὲ
1414 753 1590 788 ἀμφοτέροις,
1611 752 1660 778 καὶ
1674 753 1708 786 τῇ
1735 751 1812 786 παρά

1022 801 1086 832 τοὺς
1110 801 1221 834 ἀγῶνας
1241 800 1353 836 ἀνδρείᾳ
1369 800 1416 826 καὶ
1440 799 1480 833 τῷ
1497 798 1568 833 μετά
1591 799 1640 830 τὰς
1668 797 1812 833 πράξειςᾶ

1023 846 1063 873 δεῖ
1091 846 1299 882 βουλεύσασθαι,
1322 845 1409 877 οὕτως
1435 845 1618 880 ἀνεκτήσαντο
1644 844 1694 879 τὴν
1722 844 1811 870 πόλιν.

181 889 249 921 lare,
282 889 500 924 quandoquidem
531 894 678 924 sequentes
709 895 753 916 res
781 889 893 922 eodem,
918 896 972 925 quo

1028 891 1100 919 Ὦστ“
1114 893 1142 919 εῐ
1156 901 1198 924 τις
1210 892 1329 927 βούλοιτο
1344 891 1382 927 μὴ
1399 891 1487 918 πάντα
1497 890 1660 926 διηγεῖσθαι,
1676 891 1776 917 ἐνεῖναι
1789 890 1812 905 ³⁸

181 935 296 970 priores,
311 935 424 963 consilio
434 940 497 963 sunt
512 939 540 963 et
553 941 650 963 eventu
664 940 792 970 peractae.

220 1067 497 1106 [Quaexsupersntia
522 1069 772 1098 uaneevehendam
795 1076 856 1098 esse
876 1068 971 1097 urbem

182 1115 416 1152 existimandum]

217 1162 275 1190 Jam
289 1161 352 1189 illud
366 1161 454 1188 nihilo
468 1161 558 1189 secius
572 1161 652 1196 quam
669 1163 823 1198 superiora,
841 1166 896 1189 tum
909 1169 973 1190 nar-

183 1216 245 1235 rare
258 1213 314 1235 tum
326 1207 457 1234 admirari
471 1208 612 1241 debemus,
621 1208 693 1243 quod
703 1215 764 1235 cum
775 1207 972 1235 Lacedaemonii

185 1261 216 1280 ea
233 1261 293 1288 qua:
309 1254 418 1287 triginta
433 1253 500 1280 viris
511 1257 606 1280 contra
624 1253 750 1287 populum
770 1256 971 1285 mutuaverant,

184 1304 325 1334 postquam
343 1298 414 1325 inter
425 1305 472 1325 eos
483 1298 621 1330 convenit,
638 1298 752 1333 populus
768 1305 800 1325 ex
817 1303 894 1333 parte
908 1306 972 1333 per-

183 1344 277 1375 solvit,
301 1351 355 1378 quo
388 1343 503 1370 lirtuitas
533 1343 681 1371 foederibus
706 1342 794 1377 major
818 1344 970 1372 accederet.

185 1388 301 1423 Populus
321 1389 394 1415 enim
409 1388 445 1415 ibi
463 1387 604 1420 collectus,
618 1388 680 1416 aliis
703 1389 730 1415 in
758 1388 881 1416 adversis
903 1389 972 1417 bene

184 1433 311 1469 sperandi
330 1433 484 1467 exemplum
501 1434 648 1468 praebebat,
666 1433 800 1468 simulque
821 1434 847 1460 in
863 1441 970 1468 manus,

185 1488 217 1506 at:
242 1486 324 1513 prope
346 1478 374 1505 in
402 1485 554 1506 sermonem
576 1484 750 1511 convenerat,
771 1480 846 1514 quasi
869 1487 919 1514 pro
941 1486 972 1507 se

186 1524 303 1551 invicem
332 1523 498 1555 dimicaturi,
525 1528 554 1550 ut
581 1522 633 1550 dici
664 1531 716 1550 non
748 1524 851 1558 possit,
881 1529 970 1550 utrum

186 1570 346 1597 detestanda
376 1569 463 1604 magis
496 1574 570 1596 esset
607 1569 825 1596 adversariorum
863 1563 1006 1602 scditio,C

185 1624 266 1651 quam
294 1624 358 1643 vero
384 1615 486 1643 civitati
514 1615 566 1642 hoc
590 1616 672 1642 modo
695 1615 818 1643 liberata;
842 1615 972 1649 optanda.

187 1661 291 1688 Etcum
317 1661 392 1695 pacis
410 1659 575 1688 mentionem
592 1659 655 1692 feci,
671 1667 765 1695 parum
789 1660 917 1690 quiddam
941 1661 975 1688 de

186 1714 217 1734 ea
232 1712 364 1741 repetam.

226 1807 394 1842 Quapropter
406 1811 434 1834 et
453 1806 509 1833 sola
522 1806 655 1833 Barbaros
669 1810 698 1832 et
712 1805 798 1839 prima
816 1805 900 1838 vicit,
914 1812 976 1833 cum

188 1853 250 1881 aliis
258 1861 302 1887 jue
313 1853 467 1887 conjuncta,
478 1853 534 1886 ipsa
544 1859 595 1879 non
605 1851 694 1878 minus
701 1851 789 1878 socios
797 1855 877 1885 atque
886 1851 978 1878 hostes

188 1897 339 1932 superavit.
359 1897 592 1930 Quemadmodum
613 1897 659 1932 qui
681 1896 774 1924 venari
798 1895 934 1928 nesciunt,
953 1896 976 1924 si

188 1943 252 1978 quid
276 1943 446 1977 insperantes
464 1942 597 1976 ceperint,
614 1949 665 1968 non
683 1941 834 1974 dimittunt,
852 1949 902 1969 nec
926 1941 978 1968 nisi

188 1989 348 2016 cltarissime
376 1989 506 2020 vendunt,
534 1988 719 2015 imbecillitate
752 1995 800 2014 sua
835 1987 874 2014 rei
913 1995 978 2022 pre-

189 2036 256 2062 tium
286 2035 439 2062 metientes.
463 2034 526 2062 llazc
547 2039 638 2061 autem
660 2041 721 2061 eum
745 2041 775 2060 se
799 2038 855 2061 toto
878 2040 978 2068 genere

188 2085 318 2116 prmstare
334 2085 520 2115 cognosceret,
534 2087 672 2114 nunquam
689 2079 825 2106 sordidius
839 2087 869 2106 se
881 2080 976 2114 gessit,

187 2126 317 2161 quoniam
333 2126 366 2153 de
381 2125 537 2152 absentibus
552 2132 603 2152 non
618 2125 703 2152 levius
716 2131 797 2159 quam
813 2125 846 2152 de
860 2132 978 2160 praesen-

190 2172 262 2199 tibus
276 2171 416 2206 sperabat,
433 2170 532 2206 ᾔσθη
552 2171 667 2205 ideoque
681 2170 764 2198 citius
778 2171 870 2198 omnia
891 2170 977 2198 hosti-

189 2217 251 2250 bus,
265 2225 346 2252 quam
364 2217 402 2243 illi
417 2224 466 2244 sua
481 2219 607 2251 peterent.
626 2215 754 2243 reddidit.

221 2304 451 2338 Cornparationes
483 2303 548 2330 istas
569 2310 642 2338 agre
670 2302 747 2335 fero,
771 2311 925 2338 quanquam
951 2308 980 2331 et

188 2349 249 2383 ipse
277 2348 438 2383 quibusdam
463 2347 582 2374 absurde
612 2347 702 2374 facere
732 2348 855 2380 videbor,
880 2348 925 2382 qui
951 2347 977 2375 in

188 2403 252 2422 eum
281 2401 453 2425 sermonem,
481 2400 562 2428 quem
591 2393 797 2428 vituperabat“,
822 2393 975 2428 incidet-im,

190 2447 307 2474 cinoque
325 2447 356 2465 ea
378 2439 412 2466 de
434 2446 527 2470 causa,
545 2442 667 2473 propter-
681 2446 762 2473 quam
781 2439 871 2466 fuerat
893 2440 977 2467 omit-

191 2485 299 2517 tendus,
317 2484 468 2512 habuerim.
481 2484 608 2517 Quinimo
627 2484 690 2511 hinc
710 2484 751 2511 vel
772 2485 891 2512 maxime
915 2493 978 2519 per-

192 2532 315 2567 spicitur,
333 2539 382 2558 nec
394 2537 519 2566 magnam
535 2529 596 2557 illos
615 2530 649 2558 ab
669 2529 736 2557 urbe
758 2531 875 2565 gratiam
898 2531 977 2564 inire,

1023 937 1123 972 κλέψαι
1133 937 1182 973 τὴν
1202 937 1347 972 συμϐᾶσαν
1365 937 1387 952 ³⁸
1403 937 1450 964 ἐπὶ
1478 937 1526 964 τοῦ
1550 937 1707 972 συμφοράν·
1725 935 1814 966 οὕτως

1024 983 1144 1017 πολέμου
1155 982 1318 1014 ἀκολούθους
1335 982 1357 999 ³¹
1371 983 1437 1014 ταῖς
1451 982 1507 1009 ἄνω
1517 982 1632 1018 πράξεσι
1647 982 1696 1013 τὰς
1714 981 1814 1016 ἑφεξῆς

1023 1029 1072 1056 καὶ
1086 1029 1245 1064 προείλοντο
1255 1028 1303 1054 καὶ
1334 1027 1532 1063 κατώρθωσαν.

1051 1073 1137 1111 [Πόσῃ
1152 1074 1205 1101 τινὶ
1212 1075 1246 1111 τῇ
1262 1074 1406 1110 περιουσίᾳ
1415 1073 1469 1109 χρὴ
1483 1073 1605 1108 νομίζειν
1613 1071 1715 1107 ταύτην
1728 1072 1802 1107 ὑπρ

1022 1120 1110 1156 αίρειν
1124 1121 1146 1137 ³³
1159 1120 1179 1156 ;]

1061 1167 1094 1194 'O
1105 1166 1134 1193 δὲ
1146 1164 1344 1202 οὖδενδςῆττον
1357 1166 1413 1193 τῶν
1438 1164 1484 1192 ὑπ’
1499 1164 1612 1192 ἐκείνων
1636 1161 1816 1198 πραχθέντων

1022 1212 1098 1245 ἄξιον
1121 1213 1209 1239 εἰπεῖν
1225 1221 1254 1239 τε
1278 1212 1325 1238 καὶ
1343 1213 1474 1247 τιμῆσαι·
1492 1209 1709 1244 Δακεδαιμονίων
1722 1207 1777 1243 γὰρ
1797 1207 1816 1234 ἃ.

1021 1259 1079 1289 τοῖς
1087 1257 1237 1293 τριάκοντα
1247 1257 1386 1283 ὲδάνεισαν
1401 1256 1448 1282 ἐπὶ
1457 1255 1501 1282 τὸν
1513 1255 1598 1290 δῆμον
1613 1253 1814 1283 ἀπαιτούντων,

1022 1304 1117 1340 ἐπειδὴ
1154 1303 1317 1338 συνέϐησαν,
1358 1302 1498 1329 συνέτισεν
1511 1301 1564 1327 “6
1603 1300 1699 1335 δῆμος,
1725 1299 1761 1325 ἵν’
1791 1298 1814 1313 ³³

1022 1350 1096 1386 ἔργῳ
1115 1349 1165 1380 τὰς
1202 1348 1341 1384 συνθήκας
1369 1346 1564 1383 βεϐαιώσηται.
1597 1344 1816 1380 Παράδειγμακ

1022 1395 1051 1422 δὲ
1059 1394 1213 1430 ἀνθρώποις
1224 1394 1278 1421 τῶν
1295 1395 1323 1420 ὲν
1336 1395 1393 1424 τοῖς
1411 1393 1507 1424 δεινοῖς
1521 1391 1637 1418 ἐλπίδων
1649 1391 1815 1425 ἐγένοντου.

1027 1442 1057 1469 '0
1074 1441 1138 1477 [662
1151 1440 1198 1477 IL]
1214 1441 1299 1476 δῆμος
1316 1439 1366 1475 ήδη
1379 1439 1583 1474 συνειλεγμένοι
1601 1438 1624 1454 ³⁸
1642 1438 1701 1473 ἅμα
1723 1438 1754 1463 τε
1773 1437 1817 1469 εἰς

1022 1489 1116 1523 χεῖρας
1127 1487 1255 1523 παρῆσαν
1264 1486 1312 1513 καὶ
1323 1486 1415 1522 σχεδὸν
1424 1487 1462 1517 εἰς
1471 1486 1576 1520 λόγους,
1586 1484 1660 1512 ὥσπε
1664 1493 1680 1521 ρ
1688 1484 1759 1518 ὑπὲρ
1769 1484 1820 1510 ὰ).-

1022 1533 1123 1568 λήλων,
1133 1534 1183 1568 οὐχ
1190 1533 1261 1568 ὑπὲρ
1272 1532 1377 1560 ἑαυτῶν
1388 1532 1590 1568 πολεμήσαντες
1600 1531 1738 1565 ἑκάτεραι·
1745 1530 1820 1557 ὥστε

1026 1580 1067 1616 μὴ
1094 1577 1164 1606 εἶναι
1177 1579 1322 1610 διελέσθαι,
1334 1578 1448 1613 πότερον
1474 1577 1530 1604 τῶν
1541 1577 1669 1604 ἐναντίων
1686 1574 1720 1612 ἦν
1747 1585 1820 1603 κατ-

1025 1626 1147 1662 αρᾶσθαι
1165 1626 1215 1659 τὴν
1243 1625 1348 1657 στάσιν,
1365 1625 1381 1659 ἢ
1400 1624 1454 1650 τῶν
1480 1623 1566 1650 εὔνων
1595 1621 1773 1655 συνεύξασθαι
1784 1623 1820 1657 τῇ

1024 1671 1104 1697 πόλει
1116 1670 1210 1697 τοῦτόν
1232 1678 1264 1704 γε
1281 1669 1407 1696 λυθεῖσαν
1422 1669 1445 1685 ³⁹
1460 1668 1505 1695 τὸν
1529 1668 1640 1703 τρόπον.
1662 1667 1739 1693 Ἐπεὶ
1757 1667 1822 1693 “es

1025 1716 1196 1751 τῆςείρήνης
1222 1715 1373 1752 ἐμνήσθην,
1403 1715 1486 1743 πάλιν
1516 1714 1633 1741 ἐνταῦθα
1657 1712 1822 1741 ἐπανελθεῖν

1027 1761 1158 1796 βούλομαι
1183 1761 1269 1797 βραχύ
1284 1770 1321 1788 τι.

1063 1807 1145 1833 Ὥστε
1159 1807 1181 1823 δι
1200 1808 1247 1833 καὶ
1260 1806 1354 1842 πρώτη
1367 1806 1431 1837 τοὺς
1456 1805 1611 1841 βαρδάρους
1629 1805 1676 1832 καὶ
1686 1805 1755 1841 μόνη
1765 1805 1822 1832 ἑνί-

1028 1861 1097 1888 κησε
1111 1853 1133 1869 “
1146 1861 1153 1867 ·
1171 1853 1218 1880 καὶ
1232 1853 1281 1880 σὺν
1310 1852 1399 1884 ἀλλοις
1411 1852 1546 1887 γενομένη
1566 1852 1616 1878 οὐκ
1631 1851 1742 1878 ἔλαττον
1754 1851 1822 1882 τοὺς

1029 1899 1224 1934 συμπαρόντας
1237 1898 1253 1933 ἢ
1269 1898 1333 1930 τοὺς
1358 1898 1522 1929 ἀντιπάλους
1539 1897 1625 1924 ἐνίκα.
1635 1897 1741 1932 ’Ὠσπερ
1758 1896 1782 1912 ⁸⁸
1795 1897 1822 1923 ei

1029 1944 1116 1980 θηρᾷν
1128 1944 1254 1971 ἀδύνατοι
1271 1944 1300 1970 τὸ
1322 1943 1423 1978 ληφθὲν
1440 1942 1651 1979 ἀπροσδοκήτως
1676 1943 1707 1969 οὺ
1723 1943 1822 1978 μεθιᾶ-

1029 1997 1082 2022 σιν,
1097 1989 1153 2016 οὐδ’
1170 1990 1202 2016 ἂν
1217 1989 1365 2016 ἀποδόσθαι
1387 1998 1428 2020 τις
1443 1989 1558 2023 ἀξιώσῃ,
1576 1989 1626 2024 τῆς
1641 1989 1720 2022 ἀξίας
1736 1991 1821 2024 τιμή-

1030 2036 1116 2062 σαιντ*
1131 2034 1174 2068 ἂν,
1191 2035 1260 2061 ἀλλὰ
1279 2034 1327 2069 τὴν
1344 2034 1434 2061 αὐτῶν
1448 2034 1599 2068 ἀδυναμίαν
1625 2034 1822 2068 προστιθέντες

1030 2078 1233 2109 πλεονάζουσιν.
1255 2077 1286 2104 ’Π
1304 2078 1344 2110 δὲ,
1366 2077 1453 2113 οἶμαι,
1470 2078 1605 2105 συνειδυῖα
1629 2079 1712 2113 ἑαυτῇ
1727 2079 1821 2114 κρείτ-

1031 2131 1084 2149 των
1100 2123 1170 2150 οὖσα
1185 2123 1242 2155 τοῖς
1259 2123 1341 2156 ὅλοις,
1360 2123 1421 2150 οὐδὲ
1444 2124 1553 2150 πώποτε
1575 2124 1818 2159 ὲμικρολογήσατο,

1030 2167 1060 2199 ἐξ
1088 2167 1145 2194 ῐσου
1174 2169 1230 2199 τοῖς
1261 2167 1378 2203 παροῦσι
1407 2167 1441 2194 τὰ
1466 2169 1569 2195 ἀπόντα
1597 2168 1754 2200 ἐλπίζουσα.
1774 2170 1820 2196 Διὸ

993 2228 1017 2256 D
1030 2213 1120 2240 πάντα
1134 2214 1199 2249 ῥᾷον
1219 2214 1276 2245 τοῖς
1301 2213 1442 2248 πολεμίοις
1468 2213 1637 2249 ἀπέδωκενῆ
1656 2214 1756 2241 ἐκεῖνοι
1783 2216 1820 2241 τὰ

1032 2258 1151 2293 σφέτερα
1166 2257 1255 2284 αὐτῶν
1272 2257 1427 2293 ἀπῄτησαν.

1068 2304 1147 2335 Ἴσως
1161 2303 1185 2319 ⁸⁸
1201 2303 1250 2338 μὲν
1275 2301 1322 2330 οὖν
1339 2303 1416 2336 κάγώ
1427 2311 1499 2329 τισιν
1514 2303 1614 2330 ἄτοπον
1628 2304 1714 2330 ποιεῖν
1734 2303 1819 2336 δοκῶ,

1032 2348 1206 2384 μεμφόμενος
1245 2349 1294 2384 μὲν
1326 2349 1400 2383 (τοὺς
1441 2348 1635 2384 συγκρίνοντας
1668 2349 1819 2384 Ἀθηναίοις

1030 2393 1285 2428 Λακεδαιμονίους),
1303 2393 1383 2425 αὐτὸς
1397 2393 1418 2420 δ’
1434 2394 1475 2425 είς
1499 2394 1563 2426 τοὺς
1587 2394 1697 2430 ὁμοίους
1724 2395 1820 2429 λόγους

1032 2439 1225 2475 προεληλυθὼς
1247 2440 1282 2473 ⁸⁸,
1313 2440 1360 2467 κατ
1389 2440 1504 2468 διἀὖτά
1529 2449 1560 2475 γε
1588 2441 1675 2468 ταῦτα
1700 2442 1821 2477 εἰρηκὼς

1031 2485 1141 2518 αὐτοὺς,
1157 2485 1218 2512 δι’ἇ.
1237 2494 1308 2521 φημι
1341 2486 1394 2512 δεῖν
1411 2486 1449 2520 μὴ
1479 2486 1578 2520 λέγειν.
1594 2487 1632 2513 Οὐ
1651 2487 1704 2522 μὴν
1719 2488 1778 2513 ἀλλ’
1791 2488 1820 2520 ἐξ

1032 2531 1122 2558 αὐτῶν
1136 2539 1169 2566 γε
1183 2531 1286 2559 τούτων
1319 2532 1367 2558 καὶ
1400 2532 1517 2568 μάλιστα
1538 2533 1570 2560 ἄν
1592 2542 1636 2565 τις
1655 2534 1760 2560 κατίδοι
1782 2535 1819 2566 ὡς

827 2621 946 2650 VARMS
963 2622 1164 2652 LECTIONES.

227 2693 252 2708 "
267 2690 420 2727 πολεμίοιςι
435 2689 736 2728 Πελοποννησίοιςερττ,
749 2690 780 2718 Β.
817 2692 840 2708 ¹³
853 2692 878 2719 οἳ
890 2693 994 2725 γε,-¹⁸
1003 2692 1106 2728 πρῶτοι
1119 2700 1175 2719 om.
1187 2693 1219 2724 Α,
1235 2692 1326 2728 addito
1342 2691 1370 2718 δὲ
1383 2697 1442 2726 post
1454 2692 1553 2719 ταῦτα.
1565 2696 1606 2728 est
1620 2697 1708 2718 autem
1721 2701 1747 2726 p.
1756 2692 1818 2728 287,

194 2728 216 2744 "
235 2724 373 2760 θαλάσσίης
386 2724 419 2758 ςζ
463 2726 486 2742 ⁸⁸
503 2724 620 2760 ἑαυτοῖς]
647 2726 690 2751 ἐπ’
706 2726 796 2758 αὐτοῖς
810 2727 842 2753 Λ.

891 2728 912 2743 ²⁷
930 2727 1041 2764 ἐνόσησε
1058 2737 1084 2764 p.
1099 2727 1163 2754 288.

1215 2728 1238 2743 ³³
1253 2727 1348 2754 τοῦτον
1362 2729 1395 2754 Δ.
1440 2728 1462 2743 ¹⁹
1478 2727 1595 2762 εὐψυχίᾳ
1610 2735 1640 2758 ς,
1677 2728 1699 2743 ³⁸
1709 2727 1819 2762 ἐνεῖναι]

195 2763 259 2789 ένιοι
270 2770 340 2788 corr.
352 2762 385 2788 Δ,
423 2759 611 2797 'f_cuj16§.oav
629 2760 650 2785 Β
666 2769 672 2787 :
691 2760 838 2797 σύμπασαν
856 2771 885 2794 ς.
932 2763 955 2779 ⁸⁸
971 2759 1128 2794 ἁτέολοῦθως
1141 2771 1170 2794 ς.
1214 2763 1237 2778 ³³
1253 2763 1322 2797 πόσῃ
1350 2777 1383 2782 —-—
1395 2759 1620 2797 ὑπεραίρειν“υιιι.
1645 2762 1677 2795 Δ,
1695 2759 1820 2797 leguntur

194 2803 285 2824 autem
300 2796 398 2831 p.289.
421 2795 460 2832 __'f
473 2794 644 2832 συνεξέτισεν
660 2803 697 2832 ς,
729 2796 752 2811 ³³
769 2797 804 2827 ἵν,
816 2805 888 2824 corr.
902 2797 931 2829 Β,
951 2799 976 2824 εἱ
990 2800 1022 2826 A.
1060 2799 1082 2814 ³⁸
1098 2796 1287 2832 παράδειγμαι
1303 2794 1328 2831 ιῖ.
1341 2797 1406 2825 281.

419 2829 587 2869 ξθ-λυθεῐσαν.
597 2830 642 2869 B,_
653 2830 772 2869 AuOrjcgv
787 2833 810 2858 A
832 2832 964 2869 alpikt'cn
981 2842 1012 2865 ς.

193 2833 322 2866 λεγμὲνο;
339 2839 371 2862 ς.

1455 2798 1475 2813 ³⁷
1492 2797 1612 2830 ἐγίνοντο
1623 2797 1655 2823 Α.
1693 2797 1715 2813 ³⁸
1731 2805 1818 2823 συνει-

1048 2833 1071 2848 ⁴⁰
1086 2831 1159 2868 ἐπεὶ]
1177 2841 1202 2867 p.
1226 2832 1289 2859 295.
1313 2831 1446 2868 r"_t't')70'_t€]
1458 2840 1484 2866 p.
1498 2832 1562 2859 294.
1582 2866 1588 2868 _
1613 2832 1636 2868 ξ’
1648 2832 1758 2868 ἐνίκησε
1777 2833 1817 2859 Δ;

197 2862 320 2902 νενίκηκε
336 2875 367 2899 ς.
405 2865 428 2881 ⁸³
443 2863 549 2900 ὥσπερ]
562 2864 610 2899 οὐχ
626 2862 719 2900 ὥσπερ
735 2866 765 2899 Β,
779 2875 805 2901 p.
825 2867 888 2894 296.
927 2862 1044 2903 “"lowgl
1061 2876 1086 2903 p.
1102 2862 1166 2895 297'.
1177 2862 1183 2867 ’
1206 2868 1228 2884 ⁵⁵
1244 2862 1471 2902 προεληλυθώςᾌ
1488 2876 1494 2895 :
1510 2866 1704 2903 παρεληλυθώς
1716 2862 1748 2901 ξ’.
