1923 3093
95 146 163 179 14η

642 152 903 183 BIBLIO’I‘HECA.
922 165 956 170 —
971 153 1212 191 COD._CCXLVL

1657 157 1724 188 14⁸78

93 206 159 232 οὔτε
170 207 186 241 ἡ
199 206 278 242 χάρις
291 207 448 244 θαυμαστὴ,
463 209 497 244 ἣν
515 209 616 236 οἴονται
627 211 662 244 τῇ
677 209 753 236 πόλει
780 209 886 237 κατατί-

941 217 991 238 nec
1021 197 1079 238 hac
1108 218 1168 238 esse
1195 211 1229 238 de
1259 217 1393 239 .noustria
1424 213 1575 241 tractanda.
1592 214 1645 241 Sed
1678 224 1723 250 per

93 251 201 284 θεσθαι,
220 251 281 278 οὒτε
298 253 456 288 ἐξεπίτηδες
468 254 502 280 τά
526 263 558 288 γε
569 253 684 281 τοιαῦτα
706 254 882 289 ἀγωνιστέον,

92 297 176 325 ἀλλὰ
190 298 265 326 κατὰ
278 299 311 326 τὸ
335 298 486 335 πάρεργον
513 298 578 327 οἷον
603 300 705 334 ὥσπερ
730 301 789 328 νῦν
816 300 882 336 ἐγώ.

94 343 177 369 Ὥστε
192 343 220 370 εἴ
231 352 275 375 τις
302 343 372 376 ἀξιοῖ
396 346 443 371 καὶ
471 345 538 380 ἡμῖν
552 346 660 382 ἄρῥητα
686 345 773 373 ταῦτα
801 343 883 379 εἶναι,

93 389 189 424 σχεδὸν
199 389 295 416 τούτου
312 389 393 424 χάριν
406 390 524 427 εἴρηται.

129 435 186 461 Καὶ
198 435 407 470 Λακεδαιμόνιοι
431 436 483 462 oi."
495 435 550 462 τῶν
576 436 709 471 Ἑλλήνων
722 437 885 472 προέχοντες

93 480 144 506 καὶ
166 480 422 515 προκινδυνεύοντες
442 482 471 507 ὲν
497 483 558 512 ταῖς
571 481 675 516 χρείαις
690 481 713 497 ⁸⁷
734 482 828 512 παῖδες
850 482 884 517 τῇ

94 525 173 552 πόλει
190 525 374 561 παραϐάλλειν
387 526 467 553 είσίν.
482 526 565 553 Ὥστε
578 527 600 543 ⁸⁸
612 527 765 562 ἐϐουλόμην
780 526 814 554 ἂν
836 527 885 553 καὶ

93 571 130 597 τὰ
143 571 262 604 τρόπαια
275 570 294 598 ἃ.
308 570 331 586 ⁸³
351 570 441 605 μέλλω
465 563 555 605 λέγειν
585 572 633 598 ἀπ’
644 572 732 599 ἄλλων
752 571 885 608 ὑπάρχειν

94 617 263 651 ἀνακείμενα
274 617 307 652 τῇ
322 616 411 649 πόλει,
431 617 478 644 καὶ
494 617 531 652 μὴ
548 617 695 651 ἀναγκαῖον
712 615 784 645 εἶναι
798 626 887 652 προσ-

93 661 198 689 τιθέναι
229 663 285 694 τοῖς
324 662 430 694 πολλοῖς
471 663 513 689 δτι
557 662 614 690 ἀπὸ
651 662 883 698 Δακεδαιμονίων.

95 708 178 744 [1228
193 707 240 744 IL]
255 708 313 735 Νῦν
335 709 364 736 δὲ
395 708 467 736 αὐτὰ
485 709 509 725 ⁵⁰
531 709 567 736 τὰ
600 710 754 745 πράγματα
782 709 885 745 ταύτην

93 754 168 788 ἄγει.
182 754 253 780 ὥστε
283 755 313 780 οὐ
340 754 387 781 τοῦ
413 754 597 790 παρεξετάσαι
628 755 707 790 χάριν
732 755 884 790 εἰρήσεται,

94 799 163 826 ἀλλά
177 799 223 826 τοῦ
235 799 274 834 μὴ
293 800 451 826 παντάπασι
464 800 515 832 τὰς
527 801 641 835 πράξεις
655 801 802 836 παρελθεῖν
814 809 822 817 ⁸
838 801 885 828 καὶ

95 846 150 880 γάρ
162 847 232 871 εἰσιν
247 845 280 876 ἃς
290 845 481 880 παρεξέλιπον.
495 847 541 872 Δεῖ
567 846 607 879 δὲ,
631 846 668 878 ὠς
683 847 782 879 ἔοικεν,
795 846 827 873 οὑ
838 846 884 872 τοῦ

93 891 221 925 τυχόντος
240 891 354 926 δρόμου.
381 891 436 918 Καὶ
462 892 512 927 οὐχ
530 892 552 907 ¹¹
574 891 604 918 ἓν
628 889 697 924 είδος
723 891 885 926 εὐεργεσίας
902 880 923 907 Β

94 937 276 969 ἐπεδείξαντο,
283 936 340 964 ἀλλ’
348 937 424 964 οὐδὲν
433 935 502 969 εἶδος
511 938 668 973 εὐεργεσίας
675 937 817 965 ἀπέλιπον.
835 938 888 964 Πε-

96 983 232 1017 ριίσταται
244 982 267 998 ¹¹
275 982 304 1009 δέ
315 991 348 1018 με
361 983 384 999 ⁸⁸
394 983 553 1010 παντοδαπὰ
560 983 656 1019 ὥσπερ
682 984 711 1009 ὲν
741 984 887 1019 συγγραφῇ

96 1027 154 1054 τῶν
179 1027 269 1054 αὐτῶν
287 1028 404 1064 χρόνων,
423 1028 442 1056 ἃ
455 1029 493 1064 μὴ
504 1029 544 1056 ὅτι
551 1028 641 1056 πάντα
653 1028 796 1061 διεξελθεῖν
807 1028 888 1055 εὔπο-

95 1082 155 1110 ρον,
168 1074 225 1101 ἀλλ’
234 1074 338 1106 οὐδενὸς
349 1075 502 1110 στρατηγοῦ
512 1075 601 1102 πάντα
607 1076 679 1110 ἑξῆς.
693 1072 743 1101 Ὧν
756 1075 783 1102 τί
791 1075 888 1110 παρεὶς

94 1119 168 1152 τινος
185 1120 316 1155 μησθῶς
337 1121 370 1147 Ὃ
384 1120 412 1147 δὲ
427 1121 450 1136 ’⁵⁸
475 1121 515 1147 δεῖ
533 1121 677 1155 ’δμάλιστα
704 1121 754 1156 τῆς
776 1121 889 1148 ἐκείνων

95 1166 204 1200 φύσεως
214 1166 367 1201 ἀγασθῆναι
393 1167 439 1193 καὶ
456 1168 581 1202 κρεῖττον
604 1168 620 1203 ἦ
649 1167 719 1194 κατὰ
746 1167 888 1202 ἄνθρωπον

95 1212 262 1246 ἡγήσασθαι”
283 1211 344 1244 ἐξὸν
372 1212 426 1248 γὰρ
451 1213 558 1245 ἑαυτοῖς
579 1212 791 1245 ἀκολουθοῦντας
817 1212 889 1248 ἔχειν

95 1257 325 1292 Λακεδαιμονίους
349 1258 394 1285 καὶ
429 1258 500 1285 κατὰ
523 1259 576 1294 γῆν
610 1259 658 1285 καὶ
690 1258 762 1285 κατὰ
788 1258 888 1285 θάλατ-

96 1312 154 1335 ταν,
167 1303 185 1339 ἢ
197 1304 325 1338 περιιδεῖν
352 1305 399 1331 ἐπὶ
425 1305 547 1340 κεφαλὴν
565 1304 702 1336 eseam;
713 1305 747 1337 ",
774 1304 886 1340 συμμά-

97 1358 152 1385 χων
163 1350 308 1385 περιοίκων
317 1351 431 1378 οίκετῶν
438 1351 831 1386 άπάντων¹⁷ἑπανεστηκότων,
842 1351 889 1377 ἐπὶ

96 1396 151 1426 τοῖς
160 1395 226 1426 ἴσοις
233 1395 366 1427 ἐδέξαντο.
377 1396 432 1423 Καὶ
440 1396 626 1432 πορευομένης
633 1397 727 1431 ὥσπερ
736 1397 833 1431 φλογὸς
839 1398 890 1432 τῆς

96 1440 222 1474 Θηϐαίων
233 1441 372 1476 δυνάμεως
384 1442 432 1468 ἐπὶ
460 1442 509 1477 τὴν
533 1442 612 1469 πόλιν
640 1443 694 1468 τῶν
716 1442 889 1477 Λακεδαιμο-

97 1487 162 1513 νίων
178 1487 226 1513 καὶ
249 1487 282 1513 τὰ
309 1487 391 1514 λοιπὰ
423 1487 473 1521 τῆς
496 1488 713 1523 Πελοποννήσου,
738 1487 813 1523 μόνοι
840 1488 888 1514 καὶ

103 1533 238 1568 Ἐλλήνων
265 1534 311 1560 καὶ
325 1533 472 1569 βαρϐάρων
488 1534 655 1569 προστάντες
669 1534 821 1561 ἐκώλυσαν.
843 1533 887 1567 Ἐξ

97 1575 134 1605 ὧν
149 1579 236 1611 οὕτως
249 1579 301 1606 ὑπὸ
314 1579 422 1607 πάντων
437 1580 459 1597 ⁸⁸
471 1580 598 1616 ἑωρῶντο
616 1580 649 1612 ¹⁹,
661 1580 732 1606 ὥστε
751 1580 889 1615 καταστῆ-

99 1633 143 1652 ναι
163 1627 212 1660 τὴν
241 1625 318 1652 πόλιν
342 1625 482 1661 συνέδριον
502 1626 554 1660 τῆς
583 1625 741 1661 συμμαχίας
768 1626 886 1661 ἁπάσης.

100 1671 161 1697 Ἐτι
173 1671 194 1686 ⁶⁰
210 1669 300 1697 τοίνυν
319 1671 433 1707 πότερον
445 1671 495 1705 τῆς
519 1671 623 1702 πόλεως
638 1671 655 1705 ἦ
669 1671 733 1706 [665
748 1670 886 1706 11.]τῶν⁶¹

98 1716 261 1750 συμϐάντων
277 1715 477 1750 κατηγοροῦσιν
492 1724 499 1748 ;
511 1716 535 1741 εί
550 1716 599 1750 μὲν
610 1717 664 1750 γὰρ
677 1715 728 1749 τῆς
737 1715 840 1746 πόλεως
852 1715 886 1746 ⁸⁸,

97 1761 187 1792 οὐδὲν,
206 1761 244 1792 ὡς
259 1761 342 1793 ἔοικε,
354 1761 410 1788 τῶν
432 1761 568 1796 μεγίστων
583 1761 755 1792 ἐπίστανται,
773 1760 831 1787 ἀλλ’
842 1761 889 1786 ὲκ-

99 1807 236 1841 πέφευγεν
261 1807 359 1838 αὐτοὺς
385 1807 433 1841 ἀφ’
449 1803 487 1833 ὧν
497 1807 514 1841 ἡ
536 1805 612 1837 πόλις
627 1805 801 1841 γνωρίζεται.
815 1805 846 1832 Εἰ
859 1805 888 1831 δὲ

98 1853 133 1879 τὰ
142 1853 285 1888 συμϐάντα
301 1853 466 1887 μέμφονται,
481 1852 530 1886 οὐχ
545 1852 626 1886 ὃμοια
650 1852 709 1882 τοῖς
732 1850 834 1882 ἄλλοις,
850 1850 888 1882 ὼς

98 1897 197 1930 ἑοικεν,
208 1896 247 1928 οἷς
261 1897 402 1933 προείλετο
412 1896 456 1932 ⁸³η
469 1897 545 1928 πόλις
554 1896 720 1930 νομίζοντες,
731 1895 802 1921 οὕτω
815 1895 889 1929 μέμ-

98 1951 194 1977 φονται
204 1943 287 1970 ·ὥστε
301 1943 331 1975 ἐξ
342 1939 379 1969 ὥν
386 1942 416 1969 τὺ
428 1943 543 1977 πρᾶγμα
563 1941 705 1973 κακίζουσι
735 1941 784 1976 τὴν
812 1940 888 1967 πόλιν

97 1989 328 2024 ἐγκωμιάζουσιν.
361 1989 428 2015 Τότε
457 1988 512 2024 γὰρ
540 1988 625 2015 κακία
661 1987 710 2014 καὶ
731 1987 754 2003 ⁸⁸
784 1987 888 2018 πόλεως

97 2036 144 2062 καὶ
158 2034 263 2061 ἰδιώτου
289 2034 435 2065 δείκνυται,
461 2033 552 2068 ὃτανῆ
569 2033 637 2068 μόνα
652 2033 674 2048 ⁸⁸
696 2042 735 2068 τῳ
751 2034 838 2068 προσῇ
855 2033 889 2060 τὰ

99 2081 211 2108 ἇπαίτια
221 2081 254 2114 ⁸⁸,
269 2081 285 2116 ἢ
298 2079 383 2107 πλείω
397 2080 430 2106 τὰ
440 2079 530 2114 φαῦλα
538 2080 592 2106 τῶν
602 2079 731 2106 ἐπιεικῶν
739 2079 836 2113 ἐλέγχῃ
847 2087 889 2110 τις

98 2126 115 2161 ἢ
135 2147 137 2150 .
147 2127 235 2162 μείξω
247 2135 254 2142 ·
276 2125 452 2161 προσκείσθω
474 2125 497 2141 ⁸⁷
513 2125 578 2161 γάρ.
597 2126 681 2152 Ὀταν
691 2125 713 2152 δ’
724 2125 888 2157 ⁶⁸ἐξετάζων

98 2173 144 2200 διὰ
153 2174 262 2200 πάντων
272 2173 329 2204 ἐνὸς
339 2172 356 2208 ἢ
365 2173 438 2199 δυεῖν
446 2172 583 2208 λαμϐάνῃ,
590 2171 704 2206 λέληθας
717 2171 834 2198 ἐπαινῶν
848 2168 888 2202 οἷς

935 259 1104 282 transennam
1119 257 1338 291 quemadmodum
1352 265 1422 285 nunc
1438 266 1485 293 ego
1499 259 1580 293 facio.
1598 259 1723 295 Quapro-

934 304 994 334 pter
1005 301 1028 328 si
1042 301 1104 336 quis
1118 309 1132 328 a
1151 302 1230 329 nobis
1243 303 1324 330 etiam
1343 303 1400 331 haec
1416 304 1481 331 velit
1496 305 1638 339 printer-iri,
1653 305 1722 334 bac-

934 351 1012 374 tenus
1027 351 1100 375 certe
1115 348 1186 376 dicta
1215 353 1290 377 sunt.

970 434 1004 461 Ει
1013 434 1209 464 Lacedaemonii
1228 437 1273 471 qui
1291 444 1340 470 pro
1350 437 1463 470 Graecis,
1477 442 1506 465 ut
1518 437 1654 473 principes
1673 446 1723 473 op-

934 489 1036 516 ponere
1049 482 1218 515 sesolebsnt,
1230 491 1375 517 puerorum
1388 484 1476 512 vicem
1502 484 1577 511 urbis
1585 491 1724 519 compara-

936 527 1007 554 tione
1013 527 1140 555 subeunt.
1149 527 1217 561 Quid
1235 528 1307 563 quod
1319 533 1372 556 tam
1393 529 1493 556 invitus
1504 529 1530 556 in
1539 529 1610 556 hunc
1617 537 1723 556 sermo-

935 568 997 599 nem
1013 572 1104 605 incidi,
1121 573 1240 600 utetiam
1253 578 1353 608 tropaea
1368 581 1428 608 qua:
1440 575 1597 607 recensebo,
1614 575 1648 602 ab
1662 574 1724 602 aliis

935 624 996 645 esse
1008 617 1067 645 urbi
1077 622 1153 652 parta
1168 618 1285 653 cupiam,
1303 626 1338 647 ne
1350 619 1486 654 plerisque
1500 619 1662 647 Laconicum
1675 628 1725 647 no-

936 671 997 690 men
1015 668 1087 691 esset
1102 664 1286 692 inserendum.
1305 665 1437 698 Quoniam
1456 672 1520 693 vero
1535 673 1578 693 res
1594 665 1659 700 ipsae
1674 673 1724 694 nos

936 710 988 736 huc
994 710 1115 744 adigunt,
1124 710 1181 737 haec
1187 717 1239 737 non
1248 715 1302 737 tam
1309 711 1582 745 contentionisgratia
1591 711 1723 743 dicemus,

935 761 1016 788 quam
1036 761 1069 780 ne
1095 761 1139 781 res
1157 760 1251 781 omnes
1265 758 1449 787 transeamus,
1472 759 1503 781 ut
1520 755 1546 782 in
1564 755 1724 789 quibusdam

936 799 1059 833 fecimus,
1085 807 1135 827 nec
1158 805 1199 827 est
1221 799 1317 828 leviter
1340 801 1577 836 progrediendum.
1595 801 1650 828 Nec
1669 807 1724 828 tam

938 852 1021 871 unum
1034 845 1179 873 ediderunt
1192 846 1317 874 beneﬁcii
1332 854 1428 882 genus.
1439 855 1521 882 quam
1537 847 1640 874 nullum
1653 847 1724 874 omi-

939 895 1046 918 serunt.
1056 890 1145 918 Multae
1156 897 1246 918 autem
1259 893 1416 920 earumdem
1429 897 1580 928 temporum
1597 901 1640 920 res
1654 893 1726 919 velut

939 936 967 963 in
984 936 1099 963 historia
1113 936 1180 964 mihi
1201 943 1364 970 occurrunt,
1378 946 1447 973 quas
1460 939 1528 966 adeo
1545 946 1598 965 non
1616 946 1725 973 possunt

940 981 1020 1009 facile
1042 986 1154 1010 cunctas
1176 982 1324 1017 explicare,
1341 987 1371 1010 ut
1395 991 1429 1010 ne
1456 984 1517 1011 duci
1543 984 1654 1018 quidem
1679 984 1724 1010 ulli

939 1034 1038 1061 queam
1055 1027 1188 1055 suﬂicere.
1206 1028 1305 1055 Earum
1319 1037 1383 1056 vero
1400 1037 1480 1063 quas,
1492 1030 1590 1064 quibus
1604 1029 1725 1062 omissis,

939 1073 1107 1101 recenseboi
1125 1073 1184 1101 Jam
1203 1073 1269 1101 illud
1289 1075 1437 1102 maximam
1461 1081 1581 1102 meretur
1605 1075 1727 1102 admira-

942 1119 1053 1152 tionem,
1072 1127 1236 1154 omnemque
1262 1126 1373 1155 superat
1396 1121 1541 1149 humanam
1567 1127 1691 1151 naturam
1717 1134 1724 1152 :

940 1171 1003 1198 cum
1035 1170 1146 1199 possent
1183 1166 1394 1193 Lacedaemoniis
1420 1172 1491 1194 terra
1525 1168 1647 1202 marique
1678 1177 1727 1204 pro

940 1209 1051 1237 famulis
1067 1210 1116 1242 uti,
1137 1210 1179 1238 vel
1197 1211 1346 1239 calamitati
1361 1219 1416 1239 sua:
1434 1212 1597 1248 relinquere,
1616 1222 1684 1248 quos
1699 1219 1727 1242 et

939 1256 1020 1288 socii,
1042 1260 1070 1283 et
1096 1256 1214 1290 ﬁnitimi,
1240 1261 1268 1284 et
1293 1258 1366 1285 servi
1386 1265 1483 1285 omnes
1500 1260 1693 1294 oppugnabant
1716 1268 1725 1287 :

940 1301 1117 1329 nihilominus
1140 1309 1220 1336 aequo
1244 1302 1305 1338 jure
1328 1310 1376 1331 eos
1402 1304 1584 1338 admiserunt,
1612 1310 1640 1332 et
1663 1313 1727 1334 cum

940 1347 1062 1375 Thebani
1094 1348 1179 1375 instar
1204 1348 1319 1376 ﬂammae
1343 1350 1376 1376 ad
1403 1350 1496 1377 urbem
1519 1350 1680 1380 Laconicam
1700 1356 1728 1378 et

941 1394 1061 1429 reliquas
1072 1393 1250 1428 Peloponnesi
1268 1399 1360 1429 partes
1372 1395 1519 1429 ferrentur,
1535 1397 1584 1424 soli
1600 1404 1632 1424 ex
1648 1397 1727 1425 (ιι-ω-

940 1440 980 1468 cis
999 1445 1027 1468 et
1052 1440 1176 1468 barbaris
1198 1441 1366 1468 restiterunt.
1392 1440 1464 1473 Quas
1488 1443 1523 1469 ob
1546 1450 1590 1470 res
1612 1450 1644 1470 eo
1668 1442 1728 1470 loco

940 1490 1005 1513 sunt
1020 1486 1055 1513 ab
1066 1487 1194 1513 omnibus
1213 1486 1310 1519 habiti,
1332 1490 1362 1513 ut
1396 1487 1461 1513 urbs
1481 1487 1564 1514 totius
1588 1488 1728 1516 societatis

939 1532 1014 1559 curia
1028 1533 1249 1559 constitueretur.
1267 1532 1400 1560 Praeterea
1413 1539 1503 1560 utrum
1521 1534 1672 1566 civitatem,
1687 1542 1724 1562 au

940 1577 1043 1604 foedera
1059 1577 1278 1611 reprehendunt?
1290 1577 1318 1604 Si
1335 1579 1407 1604 enim
1426 1578 1564 1606 civitatem
1584 1585 1724 1612 accusant,

939 1621 1006 1649 nihil
1032 1622 1066 1649 de
1092 1623 1172 1649 rebus
1204 1621 1340 1654 maximis,
1367 1622 1464 1658 5,060
1495 1630 1509 1649 a
1537 1624 1635 1658 quibus
1662 1625 1727 1651 urbs

938 1667 1101 1699 celebratur,
1115 1669 1241 1694 videntur
1255 1675 1436 1701 cognoscere;
1449 1668 1490 1695 sin
1505 1668 1618 1701 hedera,
1633 1669 1727 1703 utique

939 1713 1000 1740 aliis
1013 1720 1043 1740 ea
1059 1713 1204 1740 dissimilia
1217 1713 1362 1747 iudicant:
1384 1713 1475 1748 itaque
1492 1714 1532 1746 lit,
1554 1719 1582 1740 ut
1605 1715 1676 1748 quod
1698 1715 1725 1742 in

938 1760 1102 1794 vituperiutu
1119 1759 1157 1786 rei
1171 1759 1329 1794 proferunt,
1347 1767 1379 1787 eo
1398 1760 1507 1787 laudent
1533 1761 1636 1788 urbem.
1657 1760 1726 1789 Nam

937 1810 966 1834 et
989 1805 1108 1833 civitatis
1123 1810 1150 1832 et
1173 1806 1292 1833 hominis
1314 1806 1434 1839 cujusvis
1446 1807 1540 1833 vitium
1562 1806 1596 1832 ita
1617 1807 1724 1834 demunt

938 1852 1123 1886 cognoscitur,
1139 1852 1162 1879 si
1181 1852 1252 1880 mala
1265 1852 1291 1878 in
1304 1860 1336 1879 eo
1349 1852 1390 1879 vel
1407 1852 1476 1884 sola,
1492 1853 1532 1879 vel
1547 1852 1624 1880 bonis
1637 1853 1724 1888 plura,

939 1903 987 1925 aut
1008 1898 1112 1932 majora
1134 1898 1212 1932 (utet
1229 1899 1278 1924 hoc
1295 1897 1467 1933 adjiciamus)
1488 1903 1646 1925 cernuntur.
1674 1899 1725 1932 Qui

938 1949 1028 1970 autem
1042 1943 1167 1971 omnibus
1182 1943 1355 1975 examinatis,
1368 1951 1450 1970 unqu
1463 1943 1576 1977 aliquid.
1594 1949 1642 1970 aut
1660 1944 1724 1970 item

938 1989 1054 2015 alterum
1071 1989 1283 2023 reprehendunt,
1302 1988 1319 2014 ii
1339 1988 1450 2022 reliquis
1466 1988 1624 2016 omittendis
1646 1990 1726 2016 tacite

939 2034 1052 2061 laudant
1073 2034 1224 2068 prmsertim
1248 2035 1271 2061 si
1296 2042 1349 2060 non
1374 2035 1408 2061 de
1437 2035 1557 2067 homine,
1576 2041 1668 2062 verum
1692 2035 1727 2062 de

938 2080 1062 2111 civitate,
1079 2087 1167 2115 eaque
1187 2080 1270 2107 totius
1291 2080 1403 2108 Grascize
1420 2081 1619 2115 antiquissima,
1638 2080 1725 2115 pluri~

940 2126 1047 2160 unisque
1063 2126 1142 2153 rebus
1158 2126 1288 2160 prieclare
1304 2127 1388 2160 gestis
1400 2127 1576 2155 celeberrima
1592 2128 1724 2162 judicium

939 2171 996 2199 ﬁat.
1016 2172 1102 2199 Omne
1114 2172 1185 2199 enim
1209 2172 1352 2207 imperium
1370 2180 1385 2199 a
1413 2173 1610 2207 potentioribus
1629 2178 1725 2201 contra

98 2219 189 2254 ἀφίης¹
205 2219 291 2251 ἄλλως
300 2227 329 2245 τε
340 2219 362 2234 θ’
373 2219 397 2245 εί
405 2218 466 2254 μηδ’
475 2218 580 2245 ἰδιώτου
596 2219 658 2253 ποιῇ
667 2218 716 2252 τὴν
724 2217 824 2252 κρίσιν,
839 2217 885 2243 ἀλ-

939 2219 1076 2254 aaquitatis
1098 2219 1183 2254 legem
1207 2224 1361 2247 exercetur.
1388 2219 1531 2252 Quomodo
1551 2220 1652 2253 alioqui
1679 2224 1727 2247 aut

98 2267 133 2293 λὰ
140 2267 254 2297 πόλεως.
263 2267 310 2293 καὶ
323 2266 424 2301 ταύτης
437 2266 462 2281 ⁷⁰
470 2265 659 2300 πρεσϐυτάτης
667 2265 721 2291 τῶν
729 2264 888 2299 Ἐλληνίδων

99 2310 169 2349 καὶῇ
179 2313 292 2339 πλεῖστα
301 2311 418 2347 ὑπάρχει
425 2311 460 2337 τὰ
469 2311 563 2337 δέοντα
577 2319 608 2336 συ
612 2310 727 2344 μὸάντα.
742 2309 854 2336 ’Ἅπασα
864 2309 887 2324 ⁷¹

99 2359 152 2394 γάρ
167 2358 301 2394 δήπουθεν
316 2359 387 2394 άρχὴ
400 2357 454 2384 τῶν
472 2356 634 2392 κρειττόνων
659 2355 718 2382 ἐστὶ
742 2355 788 2381 καὶ
821 2354 886 2390 παρ’

98 2405 180 2433 αὑτὸν
195 2405 240 2431 τὸν
254 2405 303 2439 τῆς
318 2404 438 2439 ἰσότητος
454 2403 545 2437 νόμον.
561 2402 592 2428 El
607 2401 635 2427 δὲ
651 2401 700 2436 μὴ.
727 2400 786 2432 πῶς
803 2400 887 2435 ῐσονῆ

98 2450 151 2477 ποῦ
165 2450 268 2477 δίκαιον
283 2449 407 2484 ῆφόρους
428 2448 550 2481 ἐκλέγειν
560 2447 583 2463 ⁷¹
599 2447 653 2473 ἀπὸ
667 2446 716 2481 τῆς
730 2446 885 2481 ἀλλοτρίας,

97 2498 115 2533 ἢ
128 2497 228 2532 νόμους
241 2496 343 2523 τιθέναι
351 2496 408 2526 τοῖς
424 2494 500 2521 οὐδὲν
519 2493 666 2529 δεομένοις,
678 2492 695 2527 ἢ
720 2492 824 2527 κρίνειν
851 2492 886 2518 τὰ

97 2543 221 2575 ἐκείνων,
235 2542 251 2577 ἢ
268 2540 482 2576 προστάττειν⁷³,
502 2539 520 2574 ἢ
532 2538 671 2574 πολεμεῖν,
689 2538 706 2573 ἢ
722 2537 837 2565 κτᾶσθα.
852 2537 887 2564 τὰ

99 2587 140 2623 μὴ
151 2588 340 2623 προσήκοντα;
355 2587 422 2618 ὅλως
434 2586 488 2621 γὰρ
502 2585 580 2612 οὐδὲν
590 2583 692 2611 τούτων
701 2584 754 2610 ἀπὸ
768 2583 815 2610 τοῦ
828 2584 886 2610 ῐσου

937 2273 1044 2299 aquum
1069 2266 1114 2296 sit.
1129 2271 1172 2293 aut
1186 2266 1300 2300 justum,
1321 2271 1349 2292 ut
1359 2267 1420 2300 quis
1435 2266 1530 2294 alienae
1543 2271 1622 2293 terra:
1637 2266 1724 2293 tribu-

939 2315 995 2338 tum
1013 2312 1143 2346 imponat,
1161 2316 1207 2338 aut
1223 2312 1297 2346 leges
1314 2318 1412 2346 praeter
1433 2313 1623 2339 necessitatem
1644 2312 1726 2344 ferat,

938 2361 985 2382 aut
998 2356 1058 2390 jura
1080 2356 1134 2383 illis
1149 2357 1189 2383 vel
1201 2356 1277 2389 jussa
1297 2357 1352 2388 (let,
1370 2361 1416 2383 aut
1431 2357 1582 2391 belligeret,
1603 2361 1650 2384 aut
1666 2365 1726 2391 qua:

937 2409 986 2428 sua
1004 2408 1057 2427 non
1076 2406 1141 2427 sunt
1157 2400 1288 2435 occupet?
1304 2401 1525 2436 quandoquidem
1551 2401 1602 2428 ista
1626 2406 1726 2435 praeter

938 2446 1095 2482 equitatem
1108 2446 1185 2474 ﬁunt.
1201 2446 1292 2480 Quare
1308 2448 1331 2474 si
1348 2447 1409 2482 quis
1425 2447 1627 2480 exactiusjnris
1645 2452 1727 2473 natu-

940 2500 1000 2520 ram
1025 2493 1091 2520 velit
1107 2494 1276 2528 perquirere,
1306 2500 1356 2521 nec
1385 2493 1476 2528 potius
1502 2493 1606 2528 aliquid
1635 2499 1727 2520 rerum

940 2544 1044 2567 natura:
1063 2540 1231 2571 concedere,
1247 2547 1329 2573 quam
1352 2540 1501 2574 sophislam
1520 2546 1612 2574 agere,
1631 2539 1654 2565 is
1669 2538 1726 2572 jam

940 2583 1065 2618 protinus
1085 2585 1177 2612 omnia
1193 2584 1309 2619 imperia
1329 2589 1358 2612 et
1373 2585 1551 2620 magistratus
1571 2584 1726 2619 abrogabit,

747 2630 866 2658 VARIZE
888 2629 1088 2658 LECTIONES.

134 2680 158 2697 “
173 2682 198 2707 οι
218 2685 244 2706 et
259 2680 314 2706 καὶ.

99 2725 126 2751 ιι.
136 2716 189 2743 500
203 2721 272 2742 cxtr.
311 2715 333 2730 "
351 2711 523 2749 περίσταται]
536 2723 563 2749 p.
577 2713 640 2739 502.
677 2712 699 2729 ⁵³
741 2711 765 2747 ε]
781 2720 814 2746 με
835 2715 868 2738 τά
888 2713 919 2738 Α.
957 2712 981 2751 ξδ
996 2712 1009 2738 ὃ
1021 2712 1060 2748 δέ]
1076 2711 1180 2752 ρηὸοό.
1217 2714 1240 2729 ⁵⁵
1253 2713 1303 2748 δεῖι
1315 2714 1344 2739 δέ
1355 2711 1387 2743 αἱ.
1409 2714 1447 2753 _"
1460 2714 1507 2753 dici

99 2759 148 2782 τας
167 2752 198 2777 Δ.
238 2750 259 2764 ⁵⁷
277 2751 402 2776 ἁπάντων
419 2758 473 2776 om.
493 2750 526 2776 A.
563 2748 585 2764 ⁸⁸
603 2721 793 2782 πάντωνῖμπᾶν
813 2747 843 2773 Β.
862 2748 883 2763 ⁵⁵
896 2747 1031 2782 ὲωρωντο]
1046 2749 1170 2782 ἑωρωντο
1189 2749 1213 2774 οἱ
1237 2748 1372 2782 Ἀθηναῖοι
1387 2757 1441 2776 των
1461 2749 1507 2774 Πελ

740 2749 793 2788 πᾶν
813 2747 843 2773 Β.
896 2747 1170 2788 ὲωριῖθντοιιὲωρώντο
1189 2749 1213 2774 οί
1237 2747 1372 2788 ’ᾼθηναῖοι
1387 2748 1441 2788 τῶν
1461 2747 1726 2788 Πελοποννησίωνᾼ.

99 2747 148 2782 ξας
167 2752 198 2777 Δ.
238 2750 259 2764 ⁵⁷
277 2747 402 2776 ἁπάντων
419 2758 473 2776 om.
493 2747 543 2776 ΛΓ
563 2748 585 2764 ⁸⁸
603 2747 711 2774 πάντων

99 2788 122 2799 ιω
141 2785 192 2799 ι-.ι
208 2793 223 2799 σι
251 2785 300 2799 ἐιη
362 2785 382 2799 6|
400 2785 415 2799 Δ
433 2784 485 2799 -.ῗιη
552 2784 574 2799 θ’
589 2783 693 2799 aliisin-

99 2788 122 2801 “‘
140 2785 192 2821 ἐτι]
208 2793 235 2819 ρ.
251 2785 313 2812 504.
362 2785 382 2800 ⁸*
400 2785 416 2819 ἢ
433 2784 496 2811 τῶν.
552 2784 574 2799 ⁸³
589 2783 693 2813 πόλεως
712 2791 766 2807 uni.
778 2782 810 2810 Α.

99 2822 122 2836 ’δ
136 2822 153 2856 ἢ
170 2823 238 2855 μόνα
252 2827 306 2846 OIII.
321 2820 354 2846 Α.
379 2821 414 2856 _°°
432 2819 544 2856 ὑπαίτια
562 2817 604 2856 An:
618 2817 736 2856 ρπάντια
751 2825 781 2856 ς.

99 2854 154 2883 uin.
172 2854 205 2883 Α.
243 2855 263 2871 ⁷¹
280 2854 388 2890 -ἆπασαῖ
406 2862 430 2890 p.
446 2855 508 2882 500.

368 2680 391 2695 "'
405 2680 509 2715 χρείαις
525 2686 581 2706 om.
597 2678 629 2704 A.
667 2677 690 2693 ⁸⁸
702 2675 786 2712 ὥστε]
806 2684 832 2710 p.
852 2676 916 2704 299.
953 2677 976 2693 ⁸³
1070 2685 1077 2704 :
1094 2677 1112 2704 ά
1126 2678 1178 2740 pi?
1191 2686 1211 2710 ς

368 2713 522 2740 solem-rati
537 2723 563 2740 υ.
577 2713 640 2739 502.
677 2712 699 2729 ⁵³
720 2711 765 2740 με]
782 2720 814 2740 με
835 2715 868 2738 τά
888 2713 919 2738 Α.
958 2712 981 2727 ⁵⁸
996 2721 1009 2738 ο
1021 2713 1060 2740 δεΙ
1076 2721 1101 2740 ι).
1117 2714 1152 2740 50
1173 2731 1180 2740 .

857 2781 879 2797 ⁸³
894 2781 1046 2818 προείλετοι
1061 2781 1227 2818 προείληπτο
1243 2784 1276 2810 Α.

393 2816 416 2835 ιδ
432 2819 544 2845 ὑπαίτια
562 2817 585 2844 Α
598 2827 604 2844 :
619 2817 736 2843 ὑπάντια
751 2825 781 2848 ς.
820 2816 842 2832 ⁸⁷
857 2816 1011 2851 προκείσθω
1023 2819 1054 2843 Α.
1085 2816 1115 2833 ⁷⁸⁸
1127 2817 1150 2843 δ’
1163 2816 1217 2844 oui.
1231 2821 1263 2844 Δ.
1302 2819 1323 2835 "
1332 2827 1361 2844 τε
1376 2818 1439 2845 add.
1453 2818 1486 2844 Α.
1524 2818 1546 2834 ⁷⁰
1562 2819 1609 2844 καὶ
1625 2817 1727 2851 ταύτης

582 2853 604 2868 ’¹¹
616 2851 767 2886 ὲκλέγεινΑ
787 2858 793 2877 :
820 2851 941 2885 ἐκλογεῐν
957 2860 988 2884 ς,

1214 2697 1221 2704 .
1257 2678 1283 2714 7"
1299 2677 1380 2714 αὐτὰ]
1397 2677 1482 2705 ταῦτα
1493 2679 1526 2704 Δ.
1562 2677 1584 2694 ⁸⁸
1600 2676 1647 2714 καὶ
1665 2674 1727 2714 oux]

1217 2714 1240 2729 ⁵⁵
1253 2713 1303 2748 δεῖι
1315 2714 1344 2739 δέ
1355 2711 1387 2743 Χ.
1425 2714 1447 2729 ⁵⁸
1460 2712 1609 2747 ὡσθέντας]
1621 2711 1726 2746 ὠφθένέ

1327 2784 1349 2799 ⁸³
1364 2783 1410 2809 καὶ
1425 2787 1488 2810 ante
1501 2782 1603 2814 πόλεως
1614 2783 1676 2808 add.
1691 2782 1725 2809 A.

1039 2852 1062 2868 "
1075 2853 1265 2887 προστάττειν]
1285 2854 1416 2889 πράττειν
1434 2854 1468 2880 Δ.
