1923 3093
188 143 256 176 1479

763 146 895 178 ΡΗΟΤΠ
913 146 1166 177 ΡΑΤΒῙΛΒΟΗΑΕ
1185 142 1241 178 CP.

1748 143 1814 176 “8!.

187 207 248 227 cum
272 206 304 227 ea
327 199 525 234 potentioribus
547 204 704 234 serventur,
729 205 810 236 atque
831 201 914 229 etiam
940 202 975 229 ad

1035 201 1223 235 τίνεται.”Ωστ“
1233 201 1259 228 ετ
1267 209 1309 232 τις
1321 199 1540 236 ἀκριὼλογεῖται
1550 198 1616 235 περὶ
1626 199 1680 227 τῶν
1690 199 1814 231 δικαίων,

188 246 255 274 deos
272 246 345 281 ipsos
364 253 420 280 prae
444 245 528 273 nimia
552 246 687 282 sapientia
705 248 844 282 procedet,
861 255 974 283 eosque,

188 291 260 326 quod
281 298 332 318 non
351 298 429 326 aequo
445 291 508 326 jure
535 299 596 318 cum
627 292 782 320 hominibus
808 297 901 328 agant,
928 293 977 321 sed

189 337 334 372 imperium
351 337 403 364 sibi
423 341 564 372 arrogent,
588 337 813 366 calumniabitur.
831 338 886 367 Sed
907 339 976 373 hac,

189 388 219 410 ut
240 383 369 414 arbitror,
400 383 436 411 ab
459 383 493 411 iis
529 384 712 418 disputantur,
739 385 785 420 qui
815 386 842 412 in
869 386 978 421 angulis

189 427 308 460 educati,
328 427 412 455 solem
439 436 577 463 nunquam
606 429 742 462 viderunt,
766 437 781 457 a
807 438 861 465 quo
887 431 978 458 solent

191 473 250 500 alia;
267 473 351 501 stellae
364 473 466 501 lumine
480 475 591 508 privari.
609 474 657 502 Sin
678 475 735 503 haec
749 477 903 509 necessario
914 484 976 504 cum

190 519 263 546 omni
281 519 394 554 imperio
405 521 555 555 cohaerent,
572 526 668 556 estque
687 521 739 549 hoc
755 521 862 556 imperii
880 521 935 556 jus,
949 527 979 550 ut

192 565 317 600 princeps
340 565 437 600 potiori
453 566 489 593 sit
500 565 561 600 jure
579 574 660 601 quam
679 567 769 594 caeteri
783 576 792 594 :
815 567 852 594 ita
871 568 978 594 demum

191 611 305 643 cedam,
323 611 346 638 si
371 619 423 646 qua
444 612 486 640 vel
509 611 622 646 Graeca,
650 613 691 640 vel
718 613 833 641 barbara
857 618 979 648 potestas

193 657 284 684 minus
308 657 413 691 imperii
435 657 508 691 jure,
536 665 618 693 quam
645 658 761 694 populus
792 659 978 692 Atheniensis.

193 709 241 728 usa
268 702 480 730 demonstretur.
505 703 738 737 Quemadmodum
763 705 835 732 enim
858 705 886 732 in
908 712 980 740 prte-

193 747 275 774 claris
290 748 411 776 consiliis
422 749 516 784 optimi
541 749 655 784 alicujus
676 751 725 778 viri
744 758 844 778 morem
871 756 980 779 secutus

193 797 246 826 est,
260 793 296 820 ita
314 793 341 820 in
357 793 391 822 iis
410 801 470 829 quae
485 794 689 822 calumniantur
706 796 841 828 nonnulli,
861 803 913 823 non
934 803 979 824 se-

194 839 313 866 cundum
327 846 500 867 communem
515 839 655 868 hominum
672 845 809 874 naturam,
825 842 872 869 sed
896 841 981 876 impo-

194 883 228 911 rii
253 884 416 912 necessitate
441 885 538 913 ductus
561 887 693 920 peccavit.
713 886 835 921 Cumque
859 887 979 922 potentia

194 937 242 958 sua
259 930 402 965 imperium
419 932 537 960 essetab
551 931 630 960 initio
642 933 765 967 adeptus,
785 941 835 968 per
852 934 981 961 humani-

196 979 278 1002 tatem
293 975 364 1004 ultro
377 976 489 1009 dimisit,
506 984 538 1004 ac
554 977 611 1012 ipse
623 977 722 1014 407a
749 986 817 1013 pene
842 979 894 1006 sibi
924 979 980 1007 cri-

196 1020 300 1048 minum
318 1026 362 1049 est
375 1026 471 1050 auctor
487 1021 585 1050 factus.
608 1022 675 1050 Nam
696 1031 758 1050 cum
781 1023 898 1051 maxima
917 1030 980 1059 erga

195 1073 294 1095 omnes
311 1066 496 1094 familiaritate
510 1073 592 1102 atque
606 1069 792 1096 moderatione
816 1077 881 1096 usus
899 1073 981 1103 esset,

196 1118 298 1145 eosque
320 1111 409 1146 magis
436 1111 462 1138 in
490 1112 646 1147 reipublicae
669 1113 826 1140 societatem
853 1114 984 1148 quodam-

198 1158 278 1185 modo
293 1162 429 1190 vocasset,
447 1165 529 1192 quam
545 1158 715 1193 principatus
727 1159 790 1194 jure
801 1160 979 1193 cohibuisset,

197 1203 268 1231 idem
286 1202 355 1235 fere,
368 1203 441 1238 quod
463 1204 534 1231 solet
554 1203 680 1238 benignis
705 1204 823 1232 dominis
845 1204 983 1238 accidere,
1003 1220 1005 1222 τ

198 1256 294 1284 passus
323 1253 376 1282 est,
399 1253 429 1276 ut
457 1256 510 1276 non
539 1255 650 1283 propter
674 1254 800 1276 steteram
826 1250 983 1284 aequitatem

199 1295 339 1329 gratiosus
360 1299 444 1326 esset,
469 1294 515 1322 sed
536 1301 599 1321 cum
624 1294 688 1329 quid
713 1295 874 1330 postularet,
891 1300 985 1330 aperte

198 1341 252 1367 vim
278 1340 369 1367 facere
392 1340 540 1367 videretur.
563 1339 634 1372 Quin
654 1339 790 1374 siquidem
813 1341 839 1367 in
860 1348 918 1373 eos,
939 1341 985 1375 qui

200 1391 251 1419 pro
278 1385 384 1412 civibus
401 1391 461 1412 sese
479 1384 620 1419 gerebant,
644 1384 701 1411 haec
723 1385 898 1419 perpetravit,
919 1385 986 1412 nihil

199 1434 263 1457 velo
287 1429 432 1464 quominus
454 1429 618 1457 iucusetur:
646 1429 687 1456 sin
713 1436 778 1457 vero
800 1430 863 1464 quia
887 1430 986 1464 partim

201 1474 368 1507 defecerant,
389 1481 506 1509 eumque
532 1478 632 1509 praeter
663 1473 822 1510 dignitatem
847 1480 988 1503 contume-

202 1522 269 1550 liose
281 1525 453 1556 acceperant,
462 1521 558 1556 partim
566 1524 676 1556 apertos
685 1528 717 1549 se
725 1521 816 1549 hostes
823 1521 988 1556 proﬁteban-

204 1573 258 1601 tur,
274 1568 384 1596 dubium
401 1575 455 1596 non
474 1567 646 1603 relinquitur,
668 1567 735 1603 quin
758 1567 776 1594 ii
797 1568 843 1602 qui
867 1567 987 1595 necessi—

204 1620 287 1643 tatem
335 1615 514 1650 attulerunt,
560 1616 663 1643 crimen
716 1621 797 1642 omne
826 1615 987 1642 sustineant.

203 1661 271 1688 Nam
303 1665 331 1689 et
355 1660 392 1688 illi
419 1667 453 1689 eo
485 1661 562 1696 quasi
599 1661 711 1695 pignore
745 1660 869 1687 videntur
902 1667 990 1695 esque

204 1708 301 1735 liducia
330 1699 393 1734 elati
423 1714 562 1743 peccasse,
588 1714 641 1733 non
671 1705 743 1740 quod
768 1706 833 1733 urbe
859 1712 990 1741 perpetuo

205 1761 234 1781 se
271 1753 350 1788 potiri
378 1761 457 1787 posse
491 1754 643 1784 crederent,
663 1753 712 1780 sed
736 1752 807 1787 quod
829 1759 878 1779 nec
905 1753 990 1780 victos

205 1799 314 1833 gravius
347 1799 493 1833 quidquam
534 1805 594 1825 esse
639 1805 766 1833 passuros
800 1797 989 1830 conﬁderent,

206 1852 268 1871 cum
302 1844 484 1871 Athenienses
522 1851 618 1870 natura
664 1847 756 1871 essent
796 1843 829 1870 ad
869 1843 991 1872 homines

207 1889 407 1916 conservandos
446 1888 582 1923 propensi.
618 1887 695 1921 Quod
727 1887 800 1916 enim
832 1889 865 1916 de
891 1888 991 1923 Mityle-

208 1935 337 1962 neusibus
385 1935 523 1961 decretum
574 1939 753 1966 revocarunt,
803 1941 864 1968 quae
904 1938 993 1968 potest

208 1980 306 2007 civitas
321 1980 419 2015 primis
434 1980 557 2007 consiliis
573 1979 702 2006 vincere?
717 1979 753 2007 Ut
768 1979 839 2006 enim
856 1987 916 2013 qua:
937 1980 992 2014 pri-

208 2026 252 2053 die
268 2031 430 2058 statuerant,
449 2025 542 2060 judicii
563 2030 642 2052 erant
680 2029 708 2052 et
730 2025 836 2060 injuriae
850 2030 967 2060 accepta
982 2033 992 2052 :

209 2072 246 2098 ita
260 2079 319 2106 quae
331 2071 461 2106 postridie
475 2075 626 2103 mutarunt,
643 2070 727 2098 solius
741 2075 819 2098 erant
833 2071 918 2103 urbis,
930 2077 992 2098 cum

208 2117 317 2152 quidem
344 2117 463 2145 triremis
485 2124 537 2144 una
563 2121 605 2144 est
632 2116 745 2144 alteram
771 2122 908 2144 assecuta.
932 2116 993 2144 Jam

208 2171 271 2191 cum
289 2163 406 2191 hominis
421 2162 541 2196 cujusvis
556 2162 743 2190 defensionem
759 2170 820 2190 cum
840 2163 910 2190 facto
927 2170 993 2190 con-

1027 247 1074 274 καὶ
1088 247 1219 282 σοφιστὴς
1243 244 1313 273 εἶναι
1337 246 1438 282 μᾶλλον
1452 245 1577 281 βούλεται
1590 246 1607 281 ἢ
1623 247 1657 281 τῇ
1677 245 1733 273 τῶν
1745 254 1815 281 πρα-

1026 291 1140 326 γμάτων
1155 290 1236 326 φύσει
1249 291 1412 326 συγχωρεῖν,
1426 290 1477 317 οὐκ
1490 290 1525 317 ἂν
1542 289 1638 324 φθάνοι
1656 289 1814 325 διαγράφων

1026 338 1117 369 πάσας
1140 337 1228 372 ἀρχὰς
1251 337 1299 364 καὶ
1325 336 1454 372 δυνάμεις
1479 335 1583 367 ἁπλῶς,
1599 335 1638 367 ὡς
1660 334 1771 363 ἀπαντά
1782 343 1814 369 γε

1025 382 1113 410 ταῦτά
1128 383 1202 409 ἔστιν
1216 383 1245 409 ὲν
1256 382 1295 418 τῷ
1308 381 1402 417 θεσμῷ
1415 380 1463 408 τοῦ
1475 381 1628 417 κρείττονος
1637 380 1671 407 ’⁸.
1683 379 1750 407 Εἶτα
1765 380 1816 407 ὑπὸ

1028 428 1124 462 σοφίας
1149 428 1238 455 ἄνεισι
1258 428 1339 464 μέχρι
1358 427 1413 454 τῶν
1432 427 1502 454 θεῶν
1522 427 1651 462 ιλέγχων,
1666 427 1714 453 καὶ
1729 426 1816 460 λέγων

1026 474 1065 506 ὡς
1081 475 1142 501 οὐδὲ
1156 472 1230 502 οὗτοι
1239 475 1296 507 τοῖς
1309 474 1462 510 ἀνθρώποις
1475 475 1504 508 ἐξ
1519 474 1576 501 ἴσου
1593 472 1815 510 προσομιλοῦσιν,

1027 520 1086 547 ἀλλ’
1113 520 1231 556 ᾕρηνται
1259 521 1401 556 κρείττους
1419 517 1500 548 εἶναι.
1525 519 1606 553 Ἀλλ’,
1635 517 1723 554 οἶμαι,
1739 518 1816 546 ταῦτ’

1028 566 1087 593 ἐστὶ
1100 567 1204 601 γωνίας
1231 566 1316 600 ἀξίων
1340 565 1503 601 ἀνθρώπιον,
1531 565 1580 592 καὶ
1598 565 1645 592 τὸν
1667 565 1744 600 ἥλιον
1768 565 1816 600 οὐχ

1029 613 1201 648 ἑωρακότων,
1218 612 1248 645 ὃς
1268 612 1425 647 ἀφαιρεῖται
1447 610 1511 642 τοὺς
1534 609 1631 642 ἀλλους
1656 610 1776 646 ἀστέρας
1788 611 1817 636 τὸ

1029 658 1184 694 φαίνεσθαι.
1197 658 1230 685 ΕΙ
1240 657 1269 684 δὲ
1282 658 1431 692 ἀναγκαῖον
1444 656 1476 684 τδ
1489 655 1566 692 πάσῃ
1578 655 1723 690 δυναστείᾳ
1734 656 1758 672 ⁷⁸
1770 655 1817 682 καὶ

1030 705 1104 740 πάσῃ
1128 703 1273 739 περιουσίᾳ
1298 703 1334 730 τὰ
1354 702 1467 730 τοιαῦτα
1492 702 1645 736 προσεῖναι,
1665 701 1712 727 καὶ
1741 698 1818 731 οὗτός

1030 750 1105 777 ἐστιν
1133 749 1222 784 ἀρχῆς
1239 749 1350 784 θεσμὸς,
1377 748 1415 783 μὴ
1430 747 1485 774 ἀπὸ
1503 746 1550 774 τοῦ
1571 746 1631 773 ῑσου
1660 746 1730 780 πρὸς
1754 746 1819 776 τοὺς

1030 796 1169 829 ὑπηκόους
1188 794 1340 830 κρίνεσθαι,
1359 794 1421 820 τότε
1438 793 1521 820 νικῶν
1543 792 1633 819 ἀπίτω
1648 792 1670 808 ⁷⁸
1684 800 1738 824 τις,
1754 791 1819 818 ὅταν

1030 841 1104 878 δείξῃ
1120 841 1174 868 τῶν
1194 841 1282 869 ἀλλων
1296 841 1350 867 εἴτε
1371 839 1533 876 Ἑλληνικῶν
1548 839 1688 874 δυνάμεων
1702 839 1758 865 εἴτε
1772 837 1821 864 καὶ

993 873 1017 903 Β
1032 873 1207 922 βαρὲαρικῶν
1230 885 1375 922 βασιλειῶν
1392 873 1535 920 ἡντιναοῦν
1559 873 1681 911 ἐλάττονι
1701 883 1741 918 τῷ
1769 882 1821 916 τῆς

1032 932 1188 965 πλεονεξίας
1205 932 1361 967 γιγνομένῳ
1373 930 1560 967 χρησαμένην,
1576 930 1594 966 ἢ
1608 930 1654 956 τὸν
1669 929 1724 956 τῶν
1748 929 1823 964 Αθη-

1031 978 1115 1006 ναίων
1140 978 1227 1013 δῆμον
1248 979 1322 1005 ἔστιν
1340 978 1442 1012 εὑρεῖν.
1458 976 1612 1011 Φανήσεται
1623 975 1687 1010 γὰρ,
1704 975 1722 1002 ἀ
1738 975 1789 1010 μὲν
1799 975 1823 990 ⁷⁷

1031 1024 1214 1059 διαφερόντως
1238 1022 1428 1054 ισουλεύσατο,
1447 1022 1505 1053 ἑνὸς
1528 1020 1624 1056 ἀνδρὸς
1643 1020 1703 1055 ἤθει
1717 1028 1823 1055 κεχρη-

1034 1069 1115 1104 μένος
1128 1069 1176 1096 τοῦ
1204 1069 1355 1104 βελτίστου,
1373 1068 1391 1095 ἃ
1406 1068 1434 1095 δὲ
1459 1066 1604 1102 ἐγκαλοῦσι
1622 1075 1705 1098 τινες,
1731 1066 1762 1092 οὺ
1787 1066 1823 1101 τῇ

1034 1116 1110 1150 κοινῇ
1122 1115 1202 1149 φύσει
1218 1115 1272 1141 τῶν
1286 1113 1438 1150 ἀνθρώπων
1453 1112 1625 1149 ἐξαμαρτὼν,
1642 1112 1710 1140 ἀλλὰ
1724 1114 1757 1147 τῇ
1773 1113 1824 1146 τῆς

1032 1162 1120 1198 ἀρχῆς
1133 1162 1320 1197 ἀκολουθήσας
1339 1161 1457 1198 ἀνάγκη,
1484 1161 1564 1198 [1229
1578 1159 1625 1196 3.]
1649 1161 1695 1188 καὶ
1708 1160 1825 1195 δυνάμει

1035 1208 1086 1243 μὲν
1105 1208 1197 1244 ἄρχων
1210 1208 1346 1239 καταστὰς
1369 1207 1400 1234 τὺ
1420 1207 1449 1240 te
1463 1207 1560 1242 ἀρχῆς,
1584 1206 1776 1242 φιλανθρωπίᾳ
1795 1206 1826 1233 δὲ

1033 1253 1065 1280 τὸ
1086 1255 1136 1289 τῆς
1155 1254 1243 1289 ἀρχῆς
1266 1253 1384 1285 δεδοικὺς
1405 1253 1428 1269 ⁷⁸
1448 1252 1519 1280 ἑκὼν
1535 1253 1639 1288 μεθεὶς,
1655 1252 1703 1279 καὶ
1729 1252 1827 1287 σχεδὸν

1033 1299 1089 1326 τῶν
1112 1299 1293 1335 ἑγκλημάτων
1310 1300 1397 1331 αἴτιος
1421 1298 1497 1334 αὑτῷ
1508 1299 1531 1315 ⁷⁸
1546 1298 1674 1333 γεγονώς.
1701 1298 1827 1333 Πλείατῳ

1034 1344 1089 1381 γὰρ
1101 1344 1141 1380 τῷ
1159 1344 1240 1380 κοινῷ
1251 1344 1299 1371 καὶ
1314 1344 1418 1380 μετρίῳ
1432 1344 1501 1379 πρὸς
1516 1344 1623 1371 ἅπαντα
1638 1344 1827 1379 χρησάμενος,

1036 1389 1084 1415 καὶ
1107 1390 1207 1424 τρόπον
1234 1389 1294 1416 τινὰ
1318 1389 1368 1424 τῆς
1396 1388 1536 1420 πολιτείας
1560 1388 1662 1424 μᾶλλον
1677 1388 1828 1420 κοινωνοὺς

1035 1435 1221 1470 ποιησάμενος
1245 1434 1262 1470 ἢ
1289 1435 1449 1466 δυναστείας
1473 1435 1548 1469 νόμῳ
1563 1434 1698 1469 κατέχων,
1721 1434 1825 1461 ταυτὸν

1036 1481 1093 1512 τοῖς
1112 1481 1241 1515 χρηστοῐς
1256 1480 1340 1507 ἔπαθε
1361 1480 1416 1507 τῶν
1429 1479 1583 1506 δεσποτῶν·
1597 1479 1628 1506 οὐ
1646 1480 1700 1514 γὰρ
1717 1479 1762 1506 διὰ
1776 1479 1830 1514 τὴν

1037 1525 1122 1560 ἀλλην
1133 1525 1283 1552 ἑπιείκειαν
1299 1525 1409 1561 χάριτος
1430 1525 1495 1561 παρ’
1510 1524 1589 1552 ἐνίων
1609 1524 1714 1560 ἔτυχεν,
1725 1525 1786 1552 ἀλλ’
1803 1525 1831 1551 ετ

1039 1579 1066 1597 τι
1081 1571 1315 1606 προσηνάγκασιν,
1338 1570 1479 1605 ἐπιφανῶς
1505 1570 1579 1604 ἔδοξε
1593 1569 1746 1606 βιάζεσθαι.
1772 1571 1831 1597 Καὶ

1041 1616 1094 1651 μὴν
1105 1616 1130 1632 ⁸ο
1143 1616 1168 1643 εί
1187 1617 1236 1651 μὲν
1246 1616 1356 1652 ἔχοντας
1371 1616 1402 1642 τὸ
1417 1615 1470 1642 τῶν
1485 1616 1613 1652 ὑπηκόων
1629 1617 1720 1651 σχῆμα
1737 1615 1830 1642 ταῦτα

1039 1662 1221 1697 εἰργασμένος
1240 1662 1376 1697 φαίνεται,
1392 1662 1481 1697 δῶμεν
1495 1663 1551 1693 τοῖς
1566 1661 1686 1688 ἐθέλουσι
1704 1662 1831 1696 βλασφη-

1041 1708 1118 1742 μεῖν·
1135 1707 1160 1733 εί
1181 1707 1209 1733 δὲ
1223 1707 1289 1739 τοὺς
1305 1707 1355 1742 μὲν
1367 1707 1539 1738 ἀποστάντας
1557 1705 1619 1742 [661i
1632 1706 1678 1742 IL]
1697 1708 1745 1733 καὶ
1762 1706 1831 1741 παρ’

1040 1751 1119 1784 ἀξίαν
1134 1751 1298 1787 ὑῦρίσαντας
1314 1752 1354 1784 είς
1371 1751 1464 1785 αὐτὸν,
1481 1751 1544 1783 τοὺς
1558 1751 1586 1778 δὲ
1599 1753 1631 1778 ὲκ
1646 1751 1692 1778 τοῦ
1708 1751 1830 1786 φανεροῦ

1040 1797 1185 1832 πολεμίους
1216 1797 1306 1830 ὄντας,
1327 1797 1453 1833 ποτέροις
1473 1798 1548 1831 ἄξιον
1572 1797 1716 1831 ἑγκαλεῖνς
1743 1795 1832 1832 οἶμαι

1040 1850 1072 1876 γε
1091 1843 1112 1859 ⁸¹
1133 1844 1189 1874 τοῖς
1207 1842 1258 1878 τὴν
1276 1843 1399 1879 ἀνάγκην
1418 1843 1615 1879 παρασχοῦσιν.
1634 1842 1712 1869 Ἐπεὶ
1732 1843 1831 1870 κάκεί-

1041 1888 1081 1915 νοί
1092 1888 1115 1904 ⁸⁸
1130 1897 1175 1923 μοι
1188 1888 1312 1915 δοκοῦσιν
1323 1888 1418 1924 ὥσπερ
1432 1889 1559 1925 ὲνέγυρον
1574 1888 1640 1915 αὐτὸ
1658 1888 1737 1915 τοῦτο
1750 1888 1831 1924 ἕχον-

1041 1941 1086 1965 τες
1101 1933 1266 1969 ἐπαρθῆναι,
1282 1935 1330 1961 καὶ
1353 1934 1440 1970 τούτῳ
1454 1935 1477 1951 ³³
1499 1934 1616 1969 μάλιστα
1632 1934 1832 1968 πιστεύσαντες

1043 1979 1186 2014 ἁμαρτεῖν,
1204 1980 1234 2006 οὐ
1255 1980 1293 2015 τῷ
1303 1980 1326 1996 ⁸⁸
1340 1979 1384 2007 δια
1400 1979 1495 2012 τέλους
1515 1980 1663 2016 κρατήσειν
1675 1979 1698 1995 ³⁸
1711 1979 1762 2015 τῆς
1781 1981 1833 2008 πό-

1043 2024 1124 2056 λεως,
1140 2024 1208 2051 ἀλλά
1219 2025 1259 2060 τῷ
1272 2025 1333 2060 μηδ’
1350 2025 1382 2052 ἂν
1397 2025 1520 2060 ληφθῶσι
1540 2025 1623 2060 μηδὲν
1633 2025 1719 2051 δεινὸν
1734 2026 1831 2052 πείσε-

1044 2071 1117 2103 σθαι,
1127 2071 1164 2102 ὡς
1176 2070 1336 2105 ’Δθηναίους
1349 2078 1382 2105 γε
1396 2071 1554 2105 πεφυκότας
1566 2070 1674 2102 σώζειν.
1685 2071 1772 2106 Δῆλον
1783 2071 1814 2098 δέ
1822 2079 1832 2089 υ

1043 2116 1061 2144 ἃ
1076 2116 1130 2151 γὰρ
1153 2116 1217 2152 περὶ
1232 2116 1423 2151 Μιτυληναίων
1444 2116 1629 2150 μετέγνωσαν,
1646 2116 1688 2148 τίς
1711 2117 1770 2152 ἔχει
1789 2125 1832 2144 νι-

1044 2163 1127 2198 κῆσαι
1155 2162 1231 2194 πόλις
1252 2161 1293 2194 οἷς
1312 2163 1343 2196 ἐξ
1366 2163 1453 2198 ἀρχῆς
1479 2162 1657 2190 ἑδουλεύσατο
1672 2163 1712 2197 ⁸⁶;
1732 2164 1833 2190 ἐκεῖνοι

207 2208 330 2244 junctam
357 2215 453 2236 omnes
481 2208 631 2242 recipiant.
661 2207 747 2235 miror
771 2215 819 2235 eos
844 2208 920 2235 urbis
949 2215 985 2235 ret

1045 2208 1099 2244 γὰρ
1113 2208 1131 2236 ἃ
1147 2208 1198 2244 μὲν
1209 2209 1242 2244 τῇ
1256 2208 1405 2244 προτεραίᾳ
1422 2208 1580 2243 διέγνωσαν,
1601 2209 1648 2244 τῆς
1666 2209 1785 2244 κρίσεως
1798 2207 1832 2244 ἦν

209 2259 300 2288 gestas
325 2259 364 2282 tot
387 2263 420 2282 ae
439 2258 540 2287 tantas,
567 2254 665 2289 quibus
691 2254 736 2281 illa
760 2261 791 2282 se
818 2258 924 2289 purgat,
942 2261 995 2282 non

210 2301 396 2328 considerare.
434 2301 475 2328 An
499 2308 564 2328 vero
583 2300 668 2328 solem
697 2300 805 2335 quidem
834 2307 867 2328 ac
891 2300 996 2334 lunam,

211 2354 263 2373 non
278 2347 313 2374 ob
330 2347 440 2379 damna,
464 2353 524 2380 quae
540 2346 617 2373 nobis
629 2345 707 2378 dant,
728 2344 928 2377 accusabimus,
943 2345 992 2372 sed

211 2398 321 2426 propter
339 2394 481 2419 commoda
495 2393 527 2420 ab
541 2392 608 2427 ipsis
625 2391 745 2426 proiecta
761 2391 922 2418 mirabimur
936 2399 943 2418 :
960 2391 994 2419 de

212 2438 279 2464 urbe
292 2445 344 2464 non
357 2445 390 2465 ex
407 2438 534 2465 universa
549 2438 608 2472 ejus
622 2441 731 2470 natura,
747 2441 775 2465 et
788 2444 850 2464 cum
866 2436 993 2465 omnibus

210 2483 407 2511 consuetudine
425 2491 457 2511 ac
471 2483 667 2516 familiaritate,
678 2483 726 2510 sed
745 2490 779 2509 ex
798 2482 992 2510 oll'ensiouibus

210 2529 312 2564 aliquot
337 2529 540 2565 iudicabimus?
562 2528 620 2556 Non
644 2534 732 2564 puto:
752 2529 802 2556 nisi
825 2529 887 2563 quis
911 2529 994 2556 etiam

210 2574 323 2603 fulmina
345 2576 469 2609 deorum,
486 2582 519 2602 ac
530 2574 662 2608 tonitrua,
675 2579 819 2610 motusque
836 2578 915 2601 terra?
929 2573 995 2601 velit

1045 2255 1091 2281 καὶ
1101 2250 1139 2281 ῶν
1150 2254 1278 2289 ἠδίκηντο
1289 2262 1296 2269 ·
1311 2254 1331 2281 ἀ
1342 2254 1370 2280 δὲ
1383 2255 1416 2289 τῇ
1439 2254 1570 2290 ὑστεραίᾳ
1584 2255 1769 2289 μετέγνωσαν,
1782 2256 1833 2290 τῆς

1044 2299 1148 2331 πόλεως
1169 2297 1203 2334 ἦν
1222 2299 1316 2334 μόνης.
1332 2299 1388 2326 Καὶ
1401 2300 1418 2335 ἡ
1440 2300 1557 2336 τριήρης
1575 2298 1623 2335 τὴν
1639 2300 1739 2335 τριήρη
1767 2309 1832 2326 κατ-

1043 2344 1160 2379 ειλήφει.
1174 2344 1311 2380 Θαυμάζω
1324 2345 1352 2371 δὲ
1369 2345 1394 2372 εί
1407 2345 1462 2371 τῶν
1479 2345 1528 2380 μὲν
1538 2345 1560 2361 ⁸⁷
1575 2344 1686 2372 ἰδιωτῶν
1699 2347 1749 2380 τήν
1760 2346 1832 2381 ἔργῳ

1043 2390 1143 2421 πάντες
1155 2390 1303 2424 ἀπολογίαν
1314 2398 1340 2416 τι
1344 2389 1427 2424 μῶσι,
1437 2389 1486 2425 τῆς
1496 2389 1631 2421 πόλεωςδὲ
1639 2390 1663 2406 ⁸⁸
1674 2391 1722 2424 οὐχ
1733 2391 1832 2425 ὁρῶσιν

1043 2436 1069 2463 οἱ
1080 2435 1175 2471 σεμνοὶ
1190 2436 1224 2462 τὰ
1232 2435 1300 2471 ἔργα
1310 2435 1333 2452 ⁸⁵
1344 2436 1377 2462 δι’
1389 2435 1454 2462 οἴων
1468 2435 1515 2462 καὶ
1526 2435 1595 2462 ὅσων
1604 2435 1832 2470 ἀπολελόγηταικ³

1046 2481 1110 2517 περὶ
1122 2481 1234 2508 τούτων.
1250 2482 1305 2508 Καὶ
1318 2481 1393 2516 ἡλίου
1410 2481 1432 2497 ⁹¹
1449 2481 1498 2516 μὲν
1521 2481 1568 2507 καὶ
1584 2481 1697 2516 σελήνης
1719 2481 1771 2517 οὐχ
1784 2482 1833 2508 ὅσα

1046 2526 1194 2562 βλάπτουσι
1217 2527 1434 2563 κατηγοροῦμεν,
1450 2527 1507 2554 ἀλλ’
1520 2528 1591 2554 ὅσων
1612 2528 1724 2561 ἀγαθῶν
1749 2529 1831 2554 αἴτιοι

1046 2573 1168 2608 γίνονται
1181 2573 1205 2590 ’³
1220 2573 1396 2609 θαυμάζομεν
1406 2581 1414 2589 ·
1436 2574 1487 2609 τὴν
1512 2573 1589 2600 πόλιν
1603 2574 1625 2600 δ’
1638 2572 1668 2606 ἐξ
1692 2570 1730 2601 ὧν
1750 2574 1830 2606 ἐνίοις

841 2651 958 2680 VARUE
976 2650 1178 2680 LECTIONES.

263 2711 286 2746 ’ξ
300 2709 454 2746 κρείττονος
465 2710 497 2743 Β,
518 2709 697 2746 κηρύττοντος
707 2711 739 2738 Δ.

209 2781 321 2808 κάκεῖνό
334 2789 362 2813 ς.

209 2816 231 2832 ³⁸
245 2817 272 2842 δὲ
295 2816 382 2843 om.A

208 2852 241 2878 Δ.
279 2851 302 2868 ’⁸
316 2852 434 2885 γίνονται
445 2858 501 2881 om.
513 2851 547 2880 Α.

402 2781 425 2796 ³³
435 2780 532 2816 τούτῳ]
547 2781 593 2807 τοῦ
609 2781 643 2808 Δ.

790 2711 813 2748 ’ξ
827 2711 902 2748 πάσῃ
915 2711 1058 2748 δυναστείᾳ
1074 2713 1097 2739 Δ
1112 2721 1119 2739 :
1143 2712 1246 2748 ἁπάσῃ.

210 2746 234 2762 ⁷³
250 2745 367 2778 δεδοικός
383 2746 425 2773 A:
441 2745 565 2777 δεδωκώς
579 2754 610 2778 ς.
659 2746 682 2762 ⁷⁸
700 2745 774 2780 αὐτῷ
799 2747 822 2772 Λ
838 2756 845 2774 :
863 2745 911 2773 καὶ
930 2746 1004 2782 αὐτῷ
1020 2745 1051 2778 ςζ
1103 2747 1127 2763 ⁸⁸
1149 2746 1215 2782 μὴν]

210 2781 321 2808 κάκεῖνό
334 2789 362 2809 ς.
402 2781 425 2796 ³³
435 2780 532 2809 τούτω]
547 2781 593 2807 τοῦ
609 2781 643 2808 Δ.
693 2781 716 2796 ³⁸
725 2781 756 2806 οὐ
777 2780 827 2809 τῶ]
845 2781 916 2808 οὓτω
930 2782 962 2808 Δ.
1001 2782 1023 2798 ⁸⁵
1037 2782 1173 2809 κρατῆσαι
1196 2783 1218 2809 Α

444 2780 532 2816 τούτῳ]
547 2781 593 2807 τοῦ
609 2781 643 2808 Δ.
693 2781 716 2796 ³⁸
725 2781 756 2806 οὐ
777 2780 827 2817 τῷ]
845 2781 916 2808 οὓτω
930 2782 962 2808 Δ.
991 2780 1023 2798 ’⁸⁵
1037 2780 1229 2818 κρατῆσὰι’Ᾱ.
1260 2780 1267 2783 ’
1279 2782 1302 2799 ⁸⁸
1331 2781 1523 2808 ἐϐουλεύσαντο
1538 2782 1570 2808 Δ.
1619 2781 1642 2797 ⁸⁷
1654 2781 1704 2816 μὲν
1723 2789 1778 2808 om.
1798 2780 1827 2807 Β.

444 2816 467 2832 ὐ
475 2815 603 2853 ἰὰ-ἔργα
616 2823 671 2844 oui.
686 2815 719 2844 A.
739 2821 804 2845 ante
819 2816 846 2843 οἵ
864 2825 958 2853 σεμνοι
977 2817 1054 2852 ponit
1075 2825 1149 2846 corr.
1169 2817 1199 2845 Β.
1237 2817 1260 2833 '°
1274 2816 1446 2851 ἀπολογεῖται
1461 2817 1483 2844 Δ
1532 2817 1554 2833 ⁰¹
1572 2816 1647 2852 ἥλιον
1663 2827 1700 2836 -μ
1715 2816 1829 2852 σελήνην

1221 2720 1262 2749 ῃ.Δ
1302 2712 1445 2749 uagina,
1468 2712 1500 2738 Α.
1520 2747 1526 2749 ς
1548 2710 1645 2749 "is;qu
1665 2711 1785 2749 μὲν-γᾴρ
1797 2711 1829 2740 Α-

1103 2747 1127 2763 ⁸⁸
1149 2746 1283 2783 μὴνγτήν
1295 2747 1328 2783 Α.
1352 2746 1381 2783 ᾉ⁸¹
1394 2755 1497 2783 γε-οιιι.
1513 2747 1549 2783 Δ(
1586 2746 1814 2783 τήξκαιιείνοίΔὶ

1279 2782 1302 2799 ⁸⁸
1331 2781 1523 2808 ἐϐουλεύσαντο
1538 2782 1570 2808 Δ.
1619 2781 1642 2797 ⁸⁷
1654 2781 1704 2816 μὲν
1723 2789 1778 2808 om.
1798 2780 1827 2807 Β.
