1923 3093
124 156 194 189 1489

620 158 880 190 BIBLIOTHECA.
899 171 937 178 -
951 159 1032 192 COD.
1047 162 1208 196 CCXLV”.

1692 172 1760 206 i490

159 213 229 244 Τοὺς
242 212 264 239 δ’
286 212 333 239 ἐπὶ
355 213 409 241 τῶν
423 214 447 229 θ’
469 214 557 250 λόγων
580 207 735 252 ἀνέχοντας,
759 218 807 245 καὶ
829 219 912 254 χωρὶς

1002 220 1052 254 Qui
1070 222 1095 248 in
1125 222 1223 251 litteris
1246 225 1390 259 excellunt,
1408 231 1434 254 et
1449 227 1552 263 absque
1582 238 1675 258 earum
1703 238 1760 260 stu-

121 258 174 293 τῆς
198 259 226 285 ἐν
251 258 357 292 τούτοις
383 260 525 297 διατριϐῆς
554 263 609 289 οὐδ’
629 264 662 290 ἂν
680 264 729 300 ζῇν
752 264 917 300 δεξαμένους

123 302 206 339 [1257
221 303 255 339 Β]
279 300 366 337 οὕτως
386 306 489 341 ἀργῶς,
511 307 619 343 [ἀργῶς
637 306 707 341 εἷπε,
731 309 775 337 διὰ
796 311 859 342 τοὺς
879 311 916 346 μὴ

123 350 316 384 ἀντιλέγοντας
324 359 331 366 ·
345 351 465 386 ἀδίκως,
483 353 527 381 διὰ
535 355 598 386 τοὺς
611 355 795 390 ἐπιτιμῶντας
806 357 863 388 τοῖς
874 358 917 384 ἀν-

122 395 300 433 τιλέγουσιν,]
318 398 418 432 μᾶλλον
431 399 460 425 δὲ
472 399 572 432 ἀδίκως
591 400 673 436 ἔχειν,
688 401 758 429 ὥστε
775 403 815 429 ἑνὶ
829 403 917 438 πιστῷ

123 442 241 477 χρῆσθαι
258 444 323 479 περὶ
345 444 474 471 ἁπάντων
490 445 523 478 ⁹¹,
539 446 572 472 ἄν
594 455 636 479 τις
650 448 740 484 φθάσῃ
761 449 915 484 γενόμενος,

123 488 172 514 καὶ
186 488 220 515 τὰ
234 488 355 524 ὀνόματα
369 490 431 517 ἀντὶ
447 491 496 527 τῆς
510 492 642 527 ἀληθείας
657 493 808 529 θαυμάζειν
828 496 916 530 αἱρεῖ-

124 534 187 562 σθαι
202 536 237 569 ",
254 535 349 572 ὥσπερ
363 537 474 572 νομίσαι
493 537 562 571 δέον,
578 539 627 574 οὺχ
645 540 736 575 εὑρεῖν
757 540 787 567 τὸ
799 541 915 575 βέλτιον,

124 582 173 608 καὶ
195 583 259 615 τοὺς
281 583 330 618 μὲν
351 583 450 618 νόμους
472 585 582 619 αὐτοὺς,
607 586 641 613 ἂν
656 588 794 625 συμφέρῃ,
818 590 913 620 κινεῖν,

123 627 188 659 τοὺς
204 627 233 654 δὲ
248 628 377 664 περὶτῶν
389 630 434 657 ἀεὶ
449 631 585 666 μενόντων
599 633 631 668 τῇ
654 633 734 667 φύσει
758 634 855 669 λόγους
870 635 916 661 ἐπὶ

123 674 181 705 τοῖς
196 674 316 710 πρώτοις
333 676 370 711 μὴ
388 676 525 712 δέχεσθαι,
541 678 598 704 ἀλλ’
612 678 707 715 ὥσπερ
724 680 829 716 ὄρουςῆ
851 682 916 717 στή-

123 719 173 751 λας
185 720 248 752 τοὺς
259 724 518 759 προκατεσχηκότας
535 725 705 760 πρεσϐεύειν,
721 727 768 754 καὶ
782 727 868 755 ταῦτα
883 729 914 755 οὐ

121 764 196 793 λύειν
209 766 305 803 ὥσπερ
315 768 345 795 ὲν
364 770 421 801 τοῖς
438 770 529 805 νόμοις
543 771 606 803 τοὺς
631 772 781 808 προτέρους
796 773 841 800 διὰ
861 774 915 800 τῶν

123 812 254 840 ἐναντίων
271 814 341 847 δέον,
365 815 433 843 ἀλλά
452 816 503 852 τῆς
522 818 608 853 αὐτῆς
624 819 717 854 χώρας
737 820 783 847 καὶ
805 821 915 855 ἑτέρους

122 857 216 890 ἀξιοῦν
235 860 337 892 αὐτοῖς.
353 862 465 894 καὶτοῖς
479 863 530 898 μὲν
543 864 635 899 ὅρκοις
648 867 705 897 τοῖς
717 867 817 899 κοινοῖς
831 877 914 903 προσ-

122 906 318 941 παραγράφειν
333 907 433 940 ὲεεῖναι
449 909 554 936 ἀνελεῖν
573 911 619 938 καὶ
636 913 794 947 προσθεῖναι
809 915 823 941 ὃ
841 924 867 942 τι
881 915 915 942 ἂν

122 952 322 987 σκοπουμένοις
334 953 447 990 ὕστερον
460 956 586 992 συνδοκῇ,
599 957 646 989 οὓς
658 958 686 986 δὲ
699 960 753 986 ἀπὸ
767 961 816 996 τῆς
828 962 914 995 αὐτῆς

121 994 247 1028 ἐξουσίας
259 997 303 1024 ἀεὶ
315 999 362 1025 καὶ
375 999 418 1026 διὰ
431 1001 532 1033 παντὸς
546 1002 684 1035 ἐξετάζειν
696 1004 736 1031 δεῖ
752 994 858 1040 λόγους,
875 1008 914 1043 τῷ

120 1042 285 1076 παρελθόντι
300 1045 390 1080 χρόνῳ
406 1046 479 1081 μόνῳ
493 1049 661 1083 προσθεῖναι,
675 1050 769 1087 ὥσπερ
787 1052 820 1080 ἃν
835 1053 862 1080 εί
872 1042 914 1086 τις

120 1090 170 1116 καὶ
188 1089 321 1123 ὑγιαίνειν
336 1092 436 1125 φάσκοι
448 1093 472 1109 ⁸⁷⁸
487 1094 586 1129 χρῆναι
602 1096 699 1130 μόνους
714 1098 777 1130 τοὺς
789 1099 913 1135 πρώτους

119 1136 295 1171 γενομένους,
318 1139 365 1165 καὶ
382 1140 451 1174 μηδὲ
471 1141 561 1168 ἐκεῖνο
573 1143 640 1178 ὁρᾷν
653 1144 687 1176 ’⁸,
708 1145 750 1171 ὅτι
762 1146 779 1181 ἡ
801 1148 913 1184 τοιαύτη

120 1184 211 1219 κρίσις
227 1185 275 1212 καὶ
289 1187 303 1213 ὀ
319 1186 447 1222 λογισμὸς
460 1190 474 1215 ό
490 1191 609 1223 τοιοῦτος
624 1193 716 1225 αὐτοῖς
730 1192 850 1230 ’πρώτοις
866 1196 913 1229 οὓς

118 1229 238 1263 τιμῶσιν
251 1231 281 1257 οὐ
302 1232 446 1261 λυσιτελεῖ.
466 1235 496 1262 El
513 1236 568 1271 γὰρ
584 1237 623 1273 τῷ
637 1239 726 1275 χρόνῳ
746 1229 787 1266 δεῖ
807 1249 912 1277 συγχω-

120 1276 180 1322 ρεῖν
193 1276 242 1302 καὶ
255 1277 304 1312 τὴν
317 1278 396 1310 ἀξίαν
418 1280 472 1307 ἀπὸ
490 1281 586 1309 τούτου
611 1279 732 1319 μετρεῖν,
751 1286 840 1313 οὐκέτ’
855 1276 911 1322 ἔχει

118 1319 202 1347 τόπον
226 1322 241 1356 ἡ
265 1322 312 1349 νῦν
326 1324 439 1360 “rapti
469 1327 578 1355 πάντων
610 1330 650 1361 είς
681 1331 803 1364 ἐκείνους
819 1333 910 1365 αἰδώς.

120 1365 213 1413 Ἴασος
230 1367 284 1403 γὰρ
302 1369 335 1396 ἂν
352 1371 374 1386 ⁹⁷
390 1371 462 1399 οὕτω
475 1381 508 1406 γε
523 1374 546 1390 ’⁸
559 1375 645 1412 νικώῃ
662 1377 724 1413 περὶ
739 1378 845 1412 λόγους,
866 1381 912 1407 καὶ

118 1411 141 1437 Κ
147 1412 241 1446 ρίασος
254 1415 301 1441 καὶ
313 1415 456 1451 Κρότωτος
471 1419 493 1435 ⁸³
509 1420 556 1447 καὶ
575 1411 716 1457 Φορωνεὺς
734 1424 752 1456 ⁸,
769 1411 817 1451 καὶ
830 1411 858 1452 έι
868 1435 910 1458 τις

125 1458 249 1492 Ἀργεῖος
265 1460 297 1486 ὲκ
314 1462 399 1495 μύθου
412 1464 459 1490 καὶ
474 1466 629 1494 Δευκαλίων
643 1470 654 1485 ⁸
665 1469 765 1497 αίπιῶν
778 1470 912 1508 βεϐοημέ-

117 1513 182 1531 νιυν.
204 1506 267 1534 Ἐὰν
281 1507 353 1535 οὕτω
364 1511 510 1546 κρίνωμεν,
527 1513 565 1545 ὡς
577 1515 608 1541 οὐ
623 1515 718 1551 Κόδρῳ
732 1525 763 1551 γε
780 1506 910 1551 μετέσται

930 889 952 917 Β

969 266 1014 293 dio
1030 275 1064 294 ne
1080 268 1164 295 vitam
1181 270 1288 304 quidem
1306 274 1485 306 expetendam
1511 281 1616 309 putent,
1633 284 1680 305 eos
1705 284 1759 306 tam

968 312 1079 346 ignavos
1096 313 1175 349 [dixit
1203 316 1309 350 ignavo:
1330 323 1440 353 propter
1454 328 1506 347 non
1526 323 1759 357 contradicentes;

968 359 1082 394 iniquas,
1091 367 1199 396 propter
1208 364 1435 398 reprehendentes
1442 375 1487 395 eos
1496 368 1540 403 qui
1548 370 1758 407 contradicunt],

968 411 1015 432 aut
1033 407 1122 440 potius
1148 408 1259 443 iniqttos
1278 417 1349 444 esse,
1365 417 1394 439 ut
1419 420 1472 440 uno
1492 414 1524 441 ad
1543 416 1633 443 omnia
1649 421 1760 445 utantur

968 459 1138 488 argumento,
1157 456 1179 482 si
1192 457 1253 490 quis
1274 458 1412 486 exstiterit
1428 461 1512 495 prior,
1530 469 1561 489 ac
1583 469 1632 497 pro
1644 464 1759 491 veritate

968 499 1078 526 nomina
1105 500 1284 534 admirentur,
1299 504 1376 537 quasi
1396 512 1447 531 non
1464 511 1591 540 oportere
1609 508 1757 542 quidquam

969 545 1082 579 reperiri
1101 546 1199 574 melius
1213 548 1380 581 existiment,
1398 557 1429 577 ac
1445 551 1518 585 leges
1530 552 1640 587 quidem
1654 553 1759 589 410a

968 590 1050 624 ipsas,
1066 591 1088 618 si
1104 592 1138 619 sit
1152 593 1216 621 utile
1228 599 1352 628 mutare;
1368 597 1412 630 qui
1429 601 1520 624 autem
1535 598 1568 625 de
1582 599 1625 631 iis,
1644 607 1757 634 quorum

967 643 1009 665 est
1024 642 1121 665 natura
1143 644 1283 674 perpetua,
1310 646 1427 669 tractant
1452 651 1602 677 sermones,
1626 652 1673 672 608
1699 651 1758 680 post

967 680 1070 719 primos
1083 693 1135 713 non
1150 687 1281 721 recipere,
1297 695 1391 716 verum
1404 690 1509 723 priores
1521 689 1598 726 quasi
1615 692 1756 725 terminos,

968 735 1014 758 aut
1029 731 1170 760 columnas
1193 734 1327 766 venerari,
1355 743 1404 762 nec
1419 743 1461 768 ea,
1480 738 1707 771 quemadmodum
1730 738 1755 765 iu

968 774 1072 809 legibus
1088 776 1192 810 priores
1209 784 1257 811 per
1273 779 1427 806 contrarias
1449 779 1624 815 abrogantur,
1641 781 1756 813 solvere,

967 828 1062 849 verum
1078 823 1172 850 eodem
1192 823 1250 851 loco
1264 825 1346 852 etiam
1361 825 1428 853 alios
1443 826 1543 854 habere
1558 836 1564 854 :
1580 833 1607 855 et
1621 828 1757 862 iuramen-

969 868 1002 895 tis
1020 869 1129 902 quidem
1149 870 1266 904 publicis
1292 871 1342 899 hoc
1364 872 1500 900 ascribere
1517 873 1589 906 licet,
1608 874 1717 902 demere
1730 879 1757 902 et

968 913 1079 946 addere,
1101 915 1231 950 quidquid
1260 917 1396 952 posterius
1421 919 1640 947 consultantibus
1666 920 1754 948 visum

968 959 1062 992 fuerit,
1076 969 1146 996 quas
1172 967 1261 989 autem
1283 964 1377 991 eadem
1395 971 1503 999 semper
1517 969 1545 992 et
1559 966 1658 1001 ubique
1673 967 1754 994 liber-

967 1010 1022 1034 tate
1048 1007 1162 1035 decebat
1183 1009 1337 1036 examinari
1363 1009 1478 1043 litteras,
1502 1018 1549 1038 eas
1565 1012 1754 1046 superioribus

966 1054 1098 1080 duntaxat
1123 1054 1290 1088 temporibus
1316 1055 1408 1089 tribui,
1434 1056 1515 1084 veluti
1535 1057 1556 1084 si
1577 1057 1638 1092 quis
1653 1058 1755 1092 primos

966 1103 1070 1126 tantum
1100 1099 1222 1128 homines
1251 1108 1333 1128 sanos
1357 1108 1418 1128 esse
1441 1101 1515 1128 dicat
1540 1108 1677 1137 oportere,
1705 1111 1755 1131 nec

965 1145 1035 1172 hanc
1050 1145 1286 1174 ratiocinationem
1304 1147 1371 1181 ipsis
1385 1148 1511 1182 primam,
1526 1156 1594 1183 quos
1609 1150 1753 1182 honorant,

964 1191 1087 1218 inutilem
1102 1199 1163 1220 esse
1182 1192 1411 1220 animadvertere.
1435 1192 1504 1221 Nam
1520 1195 1542 1221 si
1563 1195 1675 1229 lunpuri
1695 1203 1755 1222 om-

964 1236 1008 1264 nia
1040 1243 1104 1264 sunt
1139 1238 1295 1271 tribuenda,
1327 1247 1415 1274 eoque
1452 1241 1588 1269 metienda
1626 1242 1753 1276 dignitas,

964 1291 1017 1311 non
1039 1285 1156 1318 amplius
1180 1285 1213 1317 is,
1239 1286 1285 1320 qui
1317 1294 1389 1313 nunc
1414 1286 1467 1314 illis
1492 1287 1607 1315 habetur
1642 1289 1675 1316 ab
1695 1297 1753 1316 om-

963 1331 1044 1357 nibus
1077 1332 1172 1364 honor,
1196 1331 1285 1358 locum
1311 1332 1432 1361 habebit.
1458 1332 1515 1360 Hae
1546 1335 1619 1361 enim
1647 1335 1753 1363 ratione

962 1377 1045 1406 Jasus
1058 1384 1083 1406 et
1101 1379 1223 1412 Criasus,
1246 1383 1328 1415 atque
1348 1380 1483 1414 Crotopus
1498 1386 1524 1407 et
1538 1379 1707 1413 Phoroneus,
1722 1389 1754 1408 ac

963 1425 985 1451 si
997 1425 1059 1459 quis
1080 1431 1122 1453 est
1144 1426 1171 1453 in
1193 1425 1294 1454 fabulis
1308 1426 1397 1461 Argus
1411 1430 1438 1454 et.
1453 1426 1592 1460 Deucalio,
1616 1428 1660 1463 qui
1683 1436 1754 1455 nunc

964 1471 1144 1505 celebrantur,
1170 1473 1287 1507 palmam
1309 1473 1483 1501 obtinebunt.
1505 1475 1594 1509 Atque
1617 1475 1641 1501 si
1657 1475 1692 1501 ita
1712 1475 1756 1508 jn-

964 1518 1094 1551 dicemus,
1122 1526 1155 1546 ne
1170 1519 1276 1547 Codrus
1299 1521 1408 1555 quidem
1422 1528 1471 1547 cur
1482 1521 1615 1556 glorietur
1630 1521 1753 1556 habebit,

115 1552 167 1586 τῆς
187 1553 354 1589 φιλοτιμίας,
372 1557 440 1585 ἀλλὰ
457 1560 503 1585 καὶ
518 1557 596 1592 οὗτος
609 1563 674 1593 παῖς
690 1561 729 1595 οἷς
748 1563 824 1591 εἷπον
840 1575 909 1602 συμ-

965 1565 1010 1598 qui
1027 1573 1088 1592 cum
1113 1565 1173 1593 istis
1188 1573 1256 1599 quos
1276 1566 1331 1594 dixi
1356 1572 1540 1601 comparatus,
1564 1575 1632 1602 puer
1647 1568 1682 1596 sit
1704 1576 1754 1596 nec

116 1598 211 1626 ϐαλεῖν
230 1600 241 1616 ³
255 1602 303 1628 καὶ
316 1603 366 1630 οὐκ
382 1603 393 1619 ⁸
405 1605 519 1640 ἀρχαῖος
530 1615 537 1622 -
554 1608 600 1634 καὶ
615 1610 685 1636 κατὰ
698 1610 709 1626 ⁸
725 1611 824 1646 μικρὸν
839 1598 911 1640 οὓτω

117 1645 273 1694 ζητήσομεν
292 1649 302 1664 ⁸
316 1649 342 1676 ετ
358 1659 401 1681 τις
419 1650 454 1687 ἦν
468 1654 533 1689 πρὶν
557 1655 672 1691 σελήνην
688 1645 910 1694 εἷναιίὉμήρου

115 1692 144 1718 δὲ
159 1696 207 1738 καὶ
225 1693 347 1722 Ἡσιόδου
360 1698 405 1724 καὶ
416 1698 472 1725 τῶν
486 1701 526 1732 εἰς
538 1701 612 1735 ἡμᾶς
622 1692 826 1738 νενικηκότωνξ
836 1692 909 1732 Πλά-

115 1735 201 1770 τωνος
218 1740 253 1776 (εί
271 1741 373 1777 βούλει)
391 1744 438 1770 καὶ
453 1747 641 1781 Δημοσθένους
665 1735 713 1777 καί
727 1751 781 1777 τῶν
795 1735 885 1786 ὀλίγον
900 1754 909 1769 ⁷

117 1785 171 1820 πρὸ
183 1786 287 1814 τούτων
305 1789 361 1815 οὐδ’
376 1791 416 1822 εὶς
439 1791 586 1819 πολλοστὸν
605 1795 701 1829 χρόνον
722 1796 800 1829 ἐλπὶς
814 1785 911 1833 ὁμοίαν

115 1832 279 1865 ἐγγενέσθαι
291 1834 380 1867 δόξαν,
394 1845 425 1863 συ
430 1840 592 1872 μπροῖόντος
602 1839 613 1856 ³
628 1840 684 1867 [σου
696 1842 744 1868 τοῦ
754 1843 808 1877 πρὸ
821 1843 911 1870 αὐτῶν

116 1878 232 1910 ἐκείνοις
244 1880 297 1908 ἀεί.
314 1882 345 1908 El
360 1882 388 1909 δὲ
403 1883 483 1911 τοῦτο
497 1885 607 1921 εὔδηλον
621 1887 734 1921 ἅπασιν,
750 1889 790 1916 ὅτι
809 1891 854 1917 καὶ
870 1887 912 1918 οὗ-

114 1931 156 1950 τοι
172 1925 253 1959 φύσει
268 1927 316 1953 καὶ
330 1927 444 1964 δυνάμει
460 1931 646 1966 διενεγκόντες
668 1935 732 1966 τοὺς
745 1936 799 1971 πρὸ
821 1937 911 1965 αὐτῶν

115 1970 291 2007 ἀπέκρυψαν,
301 1973 362 2000 οὐδὲ
374 1976 437 2008 τοὺς
446 1976 559 2014 ὕστερον
570 1980 580 1995 ⁵
593 1981 768 2008 παντάπασιν
788 1982 911 2016 ἅπαντας

115 2018 260 2053 ἀπείργειν
280 2021 364 2054 εἰκὸς,
389 2023 443 2050 οὐδ’
460 2025 597 2059 ἀπιστεῖν,
616 2027 643 2053 εί
663 2036 704 2059 τις
721 2029 769 2055 καὶ
788 2030 835 2057 τοῦ
852 2032 911 2057 νυνὶ

115 2065 213 2112 χρόνου
244 2067 421 2104 μετεσχηκὼς
451 2070 508 2106 ἔχει
535 2072 557 2088 ¹⁰
581 2073 771 2108 συμϐαλέσθαι
797 2077 911 2112 γνώμην

114 2112 180 2147 περὶ
195 2109 232 2139 ὧν
258 2114 404 2151 πρόκειται
425 2117 513 2151 λόγος,
540 2119 608 2146 ἀλλὰ
624 2121 646 2136 ¹ι
663 2121 731 2157 παρ’
754 2109 909 2156 «titan-tbi:

114 2158 214 2191 ἔοικεν,
228 2157 266 2187 ὧν
280 2162 406 2197 τιμῶμεν
427 2164 562 2200 ὑπάρχειν
575 2167 680 2199 εἰδότας
703 2169 734 2195 τὸ
747 2171 910 2204 προσίεσθαι

113 2207 161 2232 καὶ
176 2208 322 2243 προσέχειν
339 2210 437 2237 ὁπόσον
447 2212 571 2247 διαφέρει
590 2214 621 2240 ίί.
641 2214 784 2248 ’Δπαντας
799 2218 848 2252 μὲν
864 2218 910 2245 οὖν

113 2252 180 2285 ἴσως
193 2255 259 2287 τοὺς
272 2256 406 2289 παλαιοὺς
415 2258 548 2286 αἰδεῖσθαι
562 2260 611 2295 μὲν
625 2260 738 2294 δίκαιον,
755 2264 877 2300 φρίττειν
887 2265 909 2291 δ’

111 2300 261 2340 οὑκξᾰξιον,
275 2303 357 2339 ειπερ
377 2304 414 2340 μὴ
429 2306 450 2322 ¹³
463 2307 526 2338 τοὺς
548 2308 594 2333 ἐπὶ
621 2309 677 2340 τοῖς
696 2309 786 2344 λόγοις
807 2311 908 2347 ὀνομα-

113 2348 229 2381 σθέντας
243 2350 344 2384 μᾶλλον
359 2351 375 2387 ἥ
398 2353 461 2384 τοὺς
479 2353 576 2388 λόγους
600 2355 699 2388 αὐτοὺς
711 2357 752 2383 δεῖ
763 2357 852 2384 δοκεῖν
869 2368 909 2386 τι-

114 2395 183 2429 μᾷψ
196 2395 237 2422 ὅτι
252 2396 274 2412 ιδ
287 2396 320 2430 δ’,
334 2398 358 2424 el
375 2399 443 2433 πρὸς
454 2399 532 2426 ἄλλον
546 2401 616 2435 τινὰ,
631 2403 683 2438 χρὴ
700 2403 811 2440 γνώμης
823 2404 909 2437 οὕτως

111 2441 186 2476 ἔχειν
205 2442 252 2468 καὶ
274 2444 343 2478 πρὸς
365 2444 507 2479 Πλάτωνα,
527 2447 577 2474 οὐκ
593 2448 672 2476 ἄλλον
688 2440 783 2485 δέομαι
804 2452 908 2487 μάρτυ-

114 2495 170 2521 ρος,
184 2487 242 2514 ἀλλ’
255 2488 336 2520 αὐτὸς
347 2488 471 2527 ἐξαρκεῖ,
490 2491 521 2518 οὐ
539 2493 617 2526 μόνον
632 2491 672 2526 οἷς
683 2494 842 2530 ἁπανταχοῦ
858 2495 907 2532 βοᾷ

113 2537 160 2561 καὶ
180 2535 398 2569 παρακελεύεται
419 2537 483 2573 [669
499 2539 544 2575 Η.]
563 2540 646 2575 μηδὲν
664 2542 795 2577 πρότερον
821 2545 907 2570 ποιεῖ-

113 2579 176 2608 σθαι
200 2581 250 2616 τῆς
277 2580 417 2616 ἀληθείας,
446 2583 513 2610 ἀλλὰ
530 2585 575 2611 καὶ
605 2586 688 2621 ὀλίγῳ
712 2587 751 2622 τῷ
778 2588 908 2623 παραδεί-

927 2235 948 2263 D

965 1611 1114 1645 antiquus:
1137 1617 1218 1646 atque
1240 1613 1275 1639 ita
1299 1612 1430 1647 paulatim
1451 1613 1472 1640 si
1490 1614 1551 1648 quis
1573 1618 1637 1641 ante
1663 1614 1754 1642 lunam

962 1658 1110 1691 exstiterit,
1127 1658 1306 1692 inquiremus.
1323 1658 1382 1685 .lam
1395 1658 1504 1686 llonteri
1525 1665 1606 1695 atque
1632 1660 1752 1691 Hesiodi.

963 1709 1044 1738 atque
1057 1711 1150 1731 eorum
1169 1704 1214 1738 qui
1232 1705 1363 1732 hactenus
1379 1705 1577 1738 excelluerunt,
1591 1706 1713 1734 Platonis
1726 1708 1748 1735 si

963 1750 1062 1784 placet,
1078 1754 1105 1777 et
1120 1749 1321 1782 Demosthenis,
1336 1756 1362 1777 et
1378 1751 1423 1785 qui
1443 1751 1524 1785 paulo
1538 1756 1601 1779 ante
1614 1752 1749 1784 vixerunt,

952 1804 997 1832 ‘ne
1014 1796 1047 1822 ad
1067 1795 1252 1830 longissimum
1271 1797 1378 1831 quidem
1396 1802 1503 1831 tempus
1523 1798 1620 1825 similis
1637 1803 1678 1825 est
1693 1806 1753 1834 spe-

963 1841 1046 1867 randa
1062 1841 1158 1875 gloria.
1173 1840 1226 1868 Sed
1239 1841 1260 1868 si
1273 1842 1298 1869 id
1313 1842 1439 1869 omnibus
1455 1843 1678 1871 cstmaniiestum
1693 1845 1752 1877 hos,

963 1893 1023 1913 cum
1053 1892 1150 1914 natura
1175 1891 1203 1914 et
1241 1887 1373 1914 industria
1406 1889 1609 1923 przestitisseut,
1639 1891 1755 1926 majores

962 1940 1027 1960 SUOS
1042 1940 1197 1966 superasse,
1215 1941 1302 1968 neque
1314 1934 1480 1968 posteriores
1493 1940 1572 1963 erant
1583 1944 1677 1964 munes
1694 1944 1754 1964 0111-

964 1979 1044 2005 nibus
1063 1978 1149 2006 modis
1170 1980 1291 2012 arcendi,
1318 1987 1406 2015 neque
1423 1981 1574 2016 rejicieudi,
1590 1983 1611 2009 si
1627 1983 1689 2018 quis
1705 1983 1756 2011 hoc

963 2025 1045 2051 etiam
1063 2029 1186 2060 tempore
1209 2025 1243 2052 de
1272 2033 1299 2052 re
1320 2027 1456 2062 proposita
1482 2028 1644 2055 sententiam
1674 2034 1757 2064 queat

963 2069 1050 2103 ferre;
1083 2078 1176 2097 verum
1203 2078 1236 2098 ex
1264 2071 1330 2105 ipsis
1348 2078 1415 2106 quos
1446 2072 1572 2105 colimus,
1599 2073 1672 2100 aliud
1696 2081 1756 2101 esse

962 2117 1127 2150 praecedere,
1152 2116 1225 2143 aliud
1251 2122 1396 2150 praestare,
1416 2118 1632 2152 cognoscendum
1655 2124 1705 2146 est.
1724 2120 1756 2147 Et

963 2163 1089 2197 antiquos
1103 2162 1211 2197 quidem
1227 2170 1322 2190 oumes
1339 2164 1462 2190 venerari
1484 2169 1604 2198 oportet,
1621 2173 1673 2192 non
1690 2167 1753 2193 hor-

964 2216 1035 2241 rere,
1050 2210 1100 2237 nisi
1118 2209 1188 2236 forte
1202 2209 1299 2236 litteris
1317 2209 1447 2246 insignes,
1464 2210 1567 2245 majore
1585 2218 1665 2245 quam
1681 2211 1754 2246 ipsas

965 2256 1079 2289 litteras,
1094 2255 1197 2282 honore
1212 2244 1373 2282 censeamus
1383 2255 1538 2283 alliciendos
1555 2265 1562 2283 :
1580 2257 1650 2292 quod
1663 2263 1753 2285 autem

964 2303 987 2330 si
1004 2310 1069 2336 erga
1095 2302 1249 2336 quempiam
1268 2301 1360 2334 alium,
1379 2309 1442 2337 erga
1465 2301 1605 2329 Platonem
1622 2309 1696 2331 certe
1715 2307 1756 2331 sic

964 2357 1024 2377 esse
1052 2349 1181 2376 debemus
1211 2348 1310 2382 affecti,
1339 2357 1391 2376 nou
1406 2349 1489 2376 alium
1514 2351 1623 2383 requiro
1647 2355 1753 2383 testem,

964 2403 1025 2422 cttm
1048 2394 1163 2422 suiiiciat
1188 2394 1256 2428 ipse,
1284 2402 1336 2421 non
1363 2399 1468 2422 tantum
1492 2396 1620 2430 quoniam
1657 2397 1756 2431 ultique

964 2442 1071 2469 clamat.
1090 2446 1117 2467 et
1139 2439 1221 2467 edicit
1242 2440 1307 2467 nihil
1334 2447 1395 2467 esse
1422 2441 1530 2468 veritati
1547 2442 1754 2475 praeferendutt),

963 2488 1010 2516 sed
1028 2492 1054 2515 et
1068 2487 1193 2521 exemplo
1209 2495 1261 2515 non
1282 2494 1391 2522 magno.
1407 2487 1512 2514 Etenim
1527 2488 1550 2515 si
1567 2488 1610 2514 ille
1625 2497 1684 2516 cum
1702 2487 1756 2515 llo-

964 2544 1081 2569 merum,
1115 2535 1160 2570 qui
1187 2538 1264 2561 tanto
1297 2538 1359 2560 ante
1381 2533 1469 2567 ipstnn
1502 2539 1622 2568 tempore
1650 2534 1753 2567 ﬂoruit,

964 2584 1056 2612 multis
1074 2584 1107 2610 de
1121 2583 1212 2610 causis
1228 2582 1374 2612 incusaret,
1396 2580 1501 2607 ratione
1519 2588 1571 2607 non
1587 2581 1685 2612 caruit,
1703 2589 1754 2614 qua

765 2645 884 2672 VARI/ii
906 2644 1110 2674 LECTIONES.

147 2697 243 2750 "‘1th
255 2699 274 2725 Α
286 2699 401 2750 nauci»;
417 2711 447 2734 ς.
464 2708 489 2730 et
507 2702 647 2750 illquoque
662 2709 724 2750 qnte
740 2705 795 2750 τῶν
809 2707 887 2734 habet
903 2707 995 2734 nescio
1009 2705 1073 2740 quid
1087 2712 1102 2732 a
1119 2714 1134 2731 τ
1146 2704 1294 2750 incipiens.
1329 2703 1479 2750 θ’·πάνᾷων
1491 2702 1538 2750 (ιιι
1554 2699 1710 2750 gignit}?

149 2741 167 2750 ντ
189 2742 247 2750 Rue:
261 2743 280 2750 ι-
388 2739 417 2750 -=
436 2739 453 2750 Ι)
500 2740 510 2750 ιι
553 2740 565 2750 ,'
599 2749 602 2750 ν
615 2748 635 2750 ηε
734 2742 756 2750 ατ
777 2743 782 2748 -
894 2742 901 2750 ι
959 2742 980 2750 nn
1094 2749 1122 2750 κν
1136 2749 1141 2750 γ
1175 2747 1178 2750 .
1202 2747 1264 2750 μευ.
1283 2746 1324 2750 ιη».
1460 2746 1492 2750 ...-

111 2733 135 2749 ιι
149 2733 249 2775 φᾲσὲει
261 2743 292 2766 ς..
329 2737 351 2751 ea
368 2733 464 2773 ὁρᾷυ.
500 2737 523 2754 u
536 2733 583 2766 νζδν
594 2733 648 2767 61η.
662 2740 695 2767 Α.
734 2742 756 2758 ετ
775 2741 807 2768 ἂν
819 2733 873 2769 om;
887 2733 931 2769 Α(
944 2733 947 2734 ⁷
959 2742 980 2757 ea
997 2733 1028 2775 γέ
1044 2757 1076 2762 ___
1092 2740 1157 2775 περὶ
1169 2733 1264 2773 “fw;
1281 2746 1336 2775 (μηἶ
1352 2739 1384 2764 Α,
1399 2773 1404 2775 Δ
1419 2739 1443 2775 so
1460 2738 1505 2763 καὶ
1525 2733 1701 2775 ὀίξρότοξπος
1714 2744 1754 2774 ς.

113 2769 122 2784 ¹
139 2769 186 2795 καὶ
200 2769 342 2804 Φορωνεὺς
354 2769 411 2799 om:
429 2774 460 2800 Α.
497 2774 508 2790 ²
525 2776 571 2801 καὶ
587 2775 741 2803 Δευκαλίων
758 2778 817 2803 αἱπ.

111 2804 123 2843 ξ
140 2804 304 2843 amount-av
321 2815 352 2838 ς.
407 2808 417 2824 ⁸
433 2809 483 2836 οὐκ
498 2810 536 2836 A:
554 2810 610 2838 οὔτ’
622 2820 651 2843 ς’.

112 2875 315 2911 παραδείγματι
330 2884 386 2905 om.
405 2881 423 2906 Α
430 2899 436 2907 .

702 2812 712 2828 ⁸
725 2811 806 2847 κατὰ]
821 2813 855 2838 τὰ
870 2813 941 2839 κατὰ
961 2813 992 2838 A.

111 2841 122 2856 ³
138 2840 203 2882 τοὺς
213 2838 287 2882 ben]
302 2843 414 2874 τούτους
431 2844 489 2872 iter.
507 2848 527 2872 Α
541 2851 566 2874 et
583 2838 667 2881 ptavi}.
709 2848 729 2863 ’°
742 2838 838 2882 $10-33.
876 2849 934 2864 ¹¹·¹¹
955 2847 1021 2874 ἀλλὰ
1040 2838 1074 2867 -ἶ
1087 2838 1213 2881 ’διαφέρει
1232 2853 1285 2872 υιιι.
1301 2844 1333 2871 Δ.

842 2777 900 2812 βεό.
918 2785 973 2804 om.
988 2770 1018 2803 Δ.
1045 2784 1094 2809 pro
1112 2770 1212 2802 αἷπιῶν
1228 2774 1300 2807 apud
1323 2773 1468 2812 {tristitiem
1483 2771 1602 2812 est‘tivt‘t
1618 2771 1678 2812 *τῶν
1696 2770 1753 2796 νῦν.

1325 2809 1334 2824 ⁷
1352 2808 1450 2840 ὀλίγων
1463 2815 1493 2838 ς.
1532 2807 1543 2822 ⁸
1564 2806 1705 2841 προϊόντος
1723 2813 1752 2836 ς.

1032 2812 1042 2827 ⁸
1058 2812 1222 2846 ζητήσωμεν
1247 2819 1277 2841 ς.
1325 2812 1334 2824 ⁷
1352 2812 1450 2840 ὀλίγων
1463 2815 1493 2838 ς.
1532 2812 1543 2822 ⁸
1564 2812 1705 2847 προϊόντος
1723 2813 1752 2836 ς.

1040 2863 1074 2867 __
1091 2847 1211 2868 διαςιέιει
1232 2853 1285 2868 ιιιιι.
1301 2844 1333 2868 Λ.
1385 2843 1407 2858 ¹³
1421 2842 1456 2868 μί’·
1477 2851 1531 2868 um.
1544 2843 1577 2868 Α.
1631 2842 1651 2857 ”
1664 2849 1704 2868 οτι
1721 2855 1753 2860 ~—

1385 2843 1407 2858 ”
1419 2842 1456 2878 μί’·
1477 2851 1531 2870 om.
1544 2843 1577 2870 Α.
