1923 3093
201 132 269 164 1499

780 130 897 161 PHOTI
906 129 931 160 I'
961 129 1214 161 PATIiIARCH/E
1230 129 1285 159 ΟΡ.

1764 127 1834 160 1500

198 188 298 215 riorem
322 185 448 219 latealur,
469 190 550 220 atque
564 184 599 212 ob
622 184 648 212 id
669 183 756 219 ipsum
772 184 904 217 laudetur,
920 191 982 220 prae

1041 184 1140 212 ἄτοπον
1166 184 1212 210 τόν
1229 192 1260 218 γε
1279 181 1359 209 αὑτὸν
1373 182 1395 198 ’⁷
1419 181 1613 217 ὡμολογηκότα
1639 179 1709 208 εἶναι
1731 183 1832 217 χείρω,

199 231 360 260 stanliorem
388 231 488 258 dicere.
512 230 634 257 Alienum
660 237 675 257 a
699 230 801 258 ratione
825 230 905 263 foret,
921 231 943 257 si
959 237 993 258 ne

199 279 251 306 hoc
265 278 374 312 quidem
402 276 695 308 animadverteremus,
714 284 766 303 non
789 277 869 304 modo
883 282 992 304 naturas

199 324 276 351 initio
309 328 381 350 artes
413 323 599 354 constituisse,
623 322 671 349 sed
692 327 720 349 et
739 322 765 348 in
795 322 861 357 ipsis
887 322 991 350 artibus

197 377 255 400 cos,
280 369 326 404 qui
353 373 448 396 natura
474 367 604 399 valerem,
637 367 807 394 excelluisse.
834 367 899 394 Nam
923 367 991 394 artis

197 416 304 450 quidem
332 423 413 442 causa
441 413 545 440 similes
569 414 712 448 oportebat
733 421 828 440 omnes
845 420 916 445 esse,
944 413 988 448 qui

197 460 289 487 eadem
308 460 475 490 didicissent.
505 463 586 493 atque
609 459 690 485 etiam
710 458 876 493 posteriores
891 459 989 493 priori—

198 507 248 533 bus
265 514 372 541 semper
393 506 552 537 deteriores,
570 505 656 531 donec
680 505 713 532 ad
737 504 806 532 artis
826 504 987 532 solutionem

197 555 266 577 esset
284 554 392 577 ventum
424 549 484 583 (nec
502 549 574 576 enim
594 554 700 582 poterat
712 551 771 583 quis
788 549 822 576 ab
839 550 892 576 alio
907 556 988 575 accu-

197 600 254 622 rate
271 595 410 629 percipere
434 595 536 627 omnia,
556 595 620 629 quin
644 594 745 628 aliquid
763 602 871 629 semper
885 594 987 629 etinge-

197 641 259 676 ret),
281 646 386 668 naturae
411 646 501 667 autem
518 641 541 666 vi
565 645 591 668 et
613 641 772 668 exCellentia
792 641 905 676 gloriam
933 641 985 669 sibi

198 687 246 714 viri
272 687 471 720 przeclarissimi
494 691 667 720 pepererunt.
695 685 749 714 Nec
775 688 918 721 quisquam
944 688 985 715 vel

197 731 332 759 Daedalum
350 731 391 758 vel
402 732 556 766 superiores
567 739 621 766 pra:
638 731 731 758 Phidia
745 732 871 764 miratur,
888 740 983 760 verum

197 781 291 804 contra
311 782 384 804 artes
397 785 428 803 ex
451 777 541 811 parvis
556 781 582 804 et
598 777 695 804 vilibus
717 778 802 805 initiis
818 778 936 811 majores
953 785 984 806 ac

196 823 372 857 perfectiores
387 827 449 849 sunt
461 823 584 850 redditae.
606 822 681 856 Quod
704 824 727 850 si
743 829 784 850 est
799 824 982 856 manifestum,

196 869 260 896 licet
272 876 344 896 nunc
356 868 473 904 primum
491 869 593 896 dictum
610 869 656 901 sit,
670 869 780 895 maximi
794 869 914 896 artiliees
930 877 983 896 nou

196 919 332 948 quatenus
347 919 420 942 artes
432 919 628 948 c03uoveruut,
647 914 758 941 maximi
777 914 919 945 exstitere.
935 915 982 941 sed

196 965 329 993 quatenus
345 967 391 986 eas
413 965 587 993 superarunt.
606 959 653 986 His
671 960 753 995 igitur
767 959 882 991 artibus,
897 963 925 986 ut
937 967 985 994 par

195 1009 247 1037 est,
268 1013 320 1032 non
347 1013 452 1040 aequum
471 1005 578 1032 videtur
603 1011 688 1032 artem
708 1010 811 1034 natura}
835 1005 954 1040 υνξεροηί
975 1013 981 1031 :

196 1058 248 1078 non
261 1058 326 1085 ergo
339 1056 402 1078 ante
424 1051 493 1078 hanc
508 1051 570 1083 fuit,
586 1058 672 1086 neque
686 1059 719 1079 eo
734 1059 788 1086 quo
806 1057 879 1078 nunc
892 1052 982 1083 modo,

196 1103 284 1129 neque
301 1096 413 1132 gloriata
426 1101 478 1123 est.

230 1142 341 1174 Verum,
360 1146 388 1169 ut
400 1147 472 1176 puto,
494 1150 545 1170 uon
563 1146 636 1170 artes
657 1144 802 1170 sustulisse
827 1144 903 1172 viros
921 1151 982 1171 ma-

194 1193 273 1220 gnos,
303 1186 349 1212 sed
365 1187 410 1220 qui
430 1186 550 1221 potentia
568 1187 647 1221 primi
673 1192 765 1215 essent
793 1187 981 1221 honorabiles,

195 1237 268 1258 artes
281 1231 388 1264 fecisse,
412 1240 464 1258 non
482 1237 622 1259 manentes
645 1240 659 1258 a
680 1234 779 1270 quibus
800 1235 980 1268 accepissent,

193 1281 288 1301 verum
303 1275 422 1309 inspecta
431 1275 585 1308 verborum,
597 1276 641 1302 alii
656 1284 747 1303 rerum
764 1281 871 1309 natura,
884 1285 983 1310 pueros

194 1327 251 1356 prae
267 1328 296 1348 se
309 1321 426 1355 majores
448 1320 572 1348 fecerunt
595 1322 693 1348 videri.
715 1321 768 1348 Sed
785 1328 857 1350 artes
875 1331 981 1356 omnes,

195 1369 225 1392 ut
243 1365 311 1398 dixi,
337 1372 439 1393 natune
465 1372 528 1394 sunt
550 1367 701 1394 inventum.
729 1367 837 1394 Etenim
862 1369 884 1396 si
908 1375 983 1397 artes

195 1415 286 1438 essent
304 1415 377 1438 artes
404 1412 584 1445 producturae,
601 1412 705 1439 nullum
727 1417 849 1440 exstaret
876 1415 981 1449 princi-

195 1455 281 1490 pium.
298 1455 365 1483 Cum
393 1457 466 1483 enim
494 1457 614 1484 nondum
635 1463 727 1486 essent
753 1463 839 1492 artes,
866 1460 980 1495 reperiri

195 1509 249 1529 nou
265 1507 419 1537 potuerunt,
443 1503 665 1538 quatiquuidem
687 1512 748 1539 qua:
768 1513 820 1531 non
849 1510 919 1537 erat,
939 1506 981 1532 in-

195 1548 290 1574 venire
305 1548 374 1575 nibil
389 1552 506 1583 poterat.
529 1549 710 1582 Quamobrem
735 1556 791 1576 tmn
808 1551 979 1578 inventorum

195 1593 309 1626 ratione,
326 1598 382 1620 tum
395 1595 565 1629 sequentium
578 1595 718 1622 vietoriant
737 1602 858 1630 reportat
871 1601 978 1624 natura.

194 1638 250 1666 Hae
265 1639 347 1673 igitur
357 1647 465 1675 quoque
485 1641 592 1668 ratione
604 1646 718 1676 apparet
731 1646 857 1669 naturam
869 1643 979 1678 quidem

193 1685 335 1720 principis,
353 1691 439 1713 artem
464 1694 530 1714 vero
551 1687 695 1721 disciplina
716 1693 900 1721 constantem,
926 1690 980 1716 mi-

195 1724 273 1758 nistri
294 1739 326 1758 ac
340 1732 461 1760 melioris
480 1733 611 1768 parentis,
626 1733 750 1761 obtinere
769 1734 869 1761 locum.
887 1735 979 1771 Atque

193 1784 224 1803 ea
240 1777 362 1811 quidem,
383 1785 442 1812 quae
459 1786 507 1812 pro
521 1779 666 1812 rhetorica,
696 1780 804 1807 etiamsi
817 1785 905 1808 artem
925 1790 977 1809 non

193 1829 254 1850 esse
267 1830 326 1850 eam
346 1823 526 1857 posuerimus,
543 1823 640 1860 413!)
664 1825 717 1852 dici
743 1831 864 1860 possent,
886 1827 980 1855 multis

193 1869 312 1902 omissis,
329 1868 387 1896 haec
404 1869 460 1896 fere
477 1874 540 1897 sunt
556 1878 587 1897 at:
601 1870 676 1898 talia.
696 1870 746 1898 His
764 1876 855 1899 autem
874 1873 909 1900 ita
926 1873 975 1901 de-

193 1914 362 1947 monstratis,
393 1915 564 1943 existimabit
591 1915 704 1944 forsitan
736 1917 838 1952 aliquis
857 1918 976 1954 peiorem

193 1967 243 1987 nos
257 1961 385 1995 deinceps
402 1966 505 1995 partem
522 1963 634 1995 sectari,
649 1963 671 1990 si
700 1964 784 1991 etiam
814 1970 901 1992 artem
917 1973 979 1994 esse

192 2006 359 2035 voluerimus
385 2007 494 2034 docere.
521 2007 577 2042 Ego
593 2015 657 2036 vero
682 2017 731 2037 nec
745 2010 779 2038 de
807 2013 972 2045 supradictis

189 2052 340 2088 quidquam
355 2059 440 2086 muto,
461 2061 511 2081 uec
524 2052 630 2081 Platoni
646 2058 776 2090 concedo,
798 2058 864 2086 nihil
878 2059 980 2088 habere

192 2099 259 2126 artis
278 2099 452 2133 rhetoricam,
475 2101 523 2127 sed
538 2105 669 2134 quantum
686 2103 712 2128 iu
731 2110 762 2129 ea
789 2104 857 2131 artis
877 2110 917 2131 est
938 2105 981 2140 (ut

188 2142 274 2176 ipsius
288 2148 347 2169 utar
360 2142 480 2171 Platonis
496 2143 609 2177 verbis),
626 2145 794 2172 tantumdem
817 2152 977 2180 prosequar.

1042 229 1136 256 τοῦτον
1149 228 1253 264 ἀμείνω
1274 228 1367 255 καλεῖν
1381 226 1416 260 ⁸³,
1432 227 1480 254 καὶ
1493 226 1580 254 ταῦτα
1593 227 1616 243 "
1628 227 1662 254 δι’
1675 227 1743 254 αὐτὸ
1756 227 1832 254 τοῦτ’

1041 275 1248 310 ἐπαινούμενον,
1270 274 1312 301 ὅτι
1330 273 1506 309 ὡμολόγηκεν
1533 271 1574 304 οἷς
1594 272 1711 308 ἐζήτησε
1732 274 1832 308 μαθεῖν

1041 322 1141 358 χείρων
1154 319 1232 348 εἶναι.
1256 321 1373 347 ’Δτοπον
1389 319 1417 346 δὲ
1431 320 1453 335 ³⁹
1472 319 1519 346 καὶ
1533 320 1554 336 ³¹
1571 319 1633 355 μηδ’
1648 320 1736 346 ἐκεῖνο
1751 321 1832 356 όρᾷν,

1040 367 1081 394 ὅτι
1095 367 1125 394 οὐ
1143 368 1222 402 μόνον
1237 366 1266 399 ἐξ
1280 367 1367 402 ἀρχῆς
1380 367 1408 393 al
1421 366 1515 401 φύσεις
1529 366 1578 398 τὰς
1589 366 1688 402 τέχνας
1699 368 1832 402 συνεστή-

1040 422 1121 440 σαντο
1140 413 1173 445 ¹¹,
1196 413 1264 439 ἀλλὰ
1280 413 1327 439 καὶ
1352 412 1417 448 περὶ
1439 412 1524 444 αὑτάς
1545 412 1594 444 τὰς
1618 412 1715 447 τέχνας
1743 413 1769 439 οι
1795 414 1831 447 τῇ

1039 459 1119 493 φύσει
1147 459 1309 492 νικήσαντες
1343 457 1537 493 διενηνόχασιν.
1566 458 1669 485 Ἕνεκα
1697 458 1747 494 μὲν
1775 459 1832 493 γὰρ

1038 505 1087 538 τῆς
1105 503 1201 538 τέχνης
1229 504 1335 535 πάντας
1357 503 1411 530 ἔδει
1438 504 1645 538 παραπλησίους
1666 501 1737 544 εἶναι
1765 505 1832 536 τοὺς

1038 548 1122 580 αὑτὰς
1139 549 1272 583 μαθόντας
1287 549 1320 582 ³³,
1335 546 1413 582 οἶμαι
1429 549 1457 574 δὲ
1476 549 1522 575 καὶ
1539 549 1646 584 χεὶρους
1656 549 1719 581 τοὺς
1736 549 1832 576 δευτέ-

1040 601 1102 628 ρους
1122 594 1164 619 όιεὶ
1178 593 1233 619 τῶν
1254 593 1406 628 προτέρων,
1424 593 1476 625 ἓως
1487 594 1527 624 εἰς
1542 593 1572 619 τὸ
1585 593 1698 627 λυθῆναι
1709 593 1760 628 τὴν
1785 594 1833 620 τέ-

1038 648 1104 676 χνην
1119 640 1234 675 ἀφίκετο
1247 648 1254 656 ’
1269 640 1299 666 οὑ
1319 639 1373 674 γὰρ
1392 640 1425 666 ἂν
1435 637 1468 674 ἦν
1488 639 1578 666 πάντα
1593 639 1686 666 λαϐεῖν
1707 639 1833 674 ἀκριϐῶς

1037 687 1103 723 παρ’
1116 687 1211 722 ἑτέρου
1228 685 1411 720 λαμϐάνοντα,
1436 685 1494 712 ἀλλ’
1515 685 1567 711 ἔδει
1583 685 1726 720 διαφυγεῖν
1742 686 1767 701 ³⁸
1784 685 1831 711 ἀεί

1035 742 1071 760 τι.
1094 733 1188 769 Ῥώμῃ
1199 732 1238 765 δὲ,
1250 731 1335 766 οἶμαι,
1350 731 1457 766 φύσεως
1472 733 1518 759 καὶ
1531 733 1673 767 περιουσίᾳ
1686 732 1735 767 τὴν
1749 732 1832 764 δόξαν

1036 780 1060 805 οῑ
1075 779 1263 814 κρατήσαντες
1282 778 1411 813 εἰλήφασι
1426 785 1433 793 ·
1458 778 1505 805 καὶ
1522 778 1611 808 οὐδεὶς
1632 778 1678 804 τὸν
1698 777 1832 805 Δαίδαλον

1035 825 1095 852 οὐδὲ
1111 825 1175 855 τοὺς
1189 823 1245 851 ἄνω
1267 823 1403 858 θαυμάζει
1419 823 1494 858 παρὰ
1511 823 1556 850 τὴν
1577 823 1599 839 ³⁸
1622 823 1739 853 Φειδίαν,
1760 823 1831 850 ἀλλὰ

1035 870 1190 897 τούναντίον
1205 870 1237 896 ὲκ
1260 869 1366 904 μικρῶν
1380 869 1427 895 καὶ
1441 869 1550 903 φαύλων
1569 869 1599 895 τὸ
1612 869 1671 895 κατ’
1686 869 1775 904 ἀρχὰς
1789 870 1831 901 εἰς

1034 915 1065 941 τδ
1087 914 1178 949 μεῖξον
1199 915 1244 941 καὶ
1267 914 1434 948 τελειότερον
1457 913 1479 930 ³⁸
1493 915 1521 940 αἱ
1537 914 1629 949 τέχναι
1645 915 1829 949 κατέστησαν.

1036 959 1100 996 [675
1116 959 1160 996 IL]
1178 961 1276 992 Αὑταῖς
1294 961 1316 976 ³⁷
1329 961 1429 992 τοίνυν,
1450 960 1488 992 ὡς
1500 960 1583 993 ἔοικε,
1597 961 1656 991 ταῖς
1675 960 1784 994 τέχναις
1798 961 1831 987 οὐ

1034 1006 1190 1033 λυσιτελοῦν
1207 1007 1331 1040 φαίνεται
1351 1007 1401 1042 τὴν
1413 1007 1511 1042 τέχνην
1525 1007 1577 1041 πρὸ
1594 1007 1646 1039 τῆς
1659 1007 1767 1040 φύσεως
1785 1016 1833 1034 τε-

1035 1052 1179 1086 τιμῆσθαι.
1208 1052 1314 1079 Οὐκοῦν
1333 1052 1475 1087 προελθεῖν
1498 1053 1525 1086 γ’
1542 1052 1575 1079 ἂν
1600 1053 1695 1084 αὑταῖς
1712 1050 1747 1088 ἦν
1769 1053 1831 1080 οὐδὲ

1034 1099 1127 1132 τυχεῖν
1143 1098 1190 1124 τοῦ
1203 1097 1251 1124 νῦν
1265 1098 1404 1133 σχήματος
1419 1097 1478 1124 οὐδὲ
1493 1098 1684 1132 σεμνύνεσθαι.

1076 1142 1145 1168 Ἀλλ’
1158 1140 1245 1176 οἶμαι,
1274 1143 1323 1178 οὑχ
1336 1143 1364 1168 αἱ
1387 1143 1479 1178 τέχναι
1491 1143 1554 1174 τοὺς
1575 1143 1674 1178 ἄνδρας
1689 1140 1763 1179 ἦραν
1780 1152 1830 1178 με·

1037 1188 1251 1222 γάλους,ἀλλ“οί
1276 1190 1310 1224 τῇ
1334 1188 1449 1223 δυνάμει
1473 1189 1682 1224 πρωτεύσαντες
1700 1189 1829 1225 ἐντίμους

1034 1234 1084 1265 τὰς
1096 1235 1194 1268 τέχνας
1209 1234 1350 1268 ἐποίησαν,
1377 1234 1408 1260 οὐ
1429 1234 1571 1269 μείναντες
1588 1235 1631 1268 ἐφ’
1647 1231 1686 1261 ὧν
1706 1235 1829 1270 παρέλα-

1035 1279 1091 1306 60v.
1111 1280 1141 1306 El
1157 1280 1186 1306 δὲ
1219 1279 1293 1306 τοῦθ’
1312 1280 1414 1307 ἅπασιν
1444 1279 1566 1314 εὔδηλον,
1589 1281 1614 1307 εἰ
1642 1280 1743 1316 καὶμὴ
1760 1282 1829 1317 πρό.

1035 1333 1124 1359 τερον,
1142 1325 1210 1352 ἀλλὰ
1224 1325 1272 1355 νῦν
1297 1333 1328 1359 γε
1356 1326 1511 1360 εἰρημένον,
1538 1326 1563 1352 οἱ
1590 1327 1713 1361 μέγιστοι
1733 1327 1789 1353 τῶν
1800 1328 1830 1353 ἑν

1033 1373 1093 1403 ταῖς
1104 1371 1212 1406 τέχναις
1225 1372 1274 1407 οὐχ
1281 1371 1340 1388 ³⁸·²⁹
1354 1368 1376 1405 ᾧ
1385 1372 1571 1407 μετεσχήκασι
1580 1372 1630 1407 τῆς
1643 1373 1741 1408 τέχνης
1750 1373 1830 1408 μέγι-

1035 1426 1092 1445 στοι
1106 1418 1260 1452 γεγόνασιν,
1276 1417 1334 1444 ἀλλ’
1380 1418 1429 1452 τὴν
1441 1418 1540 1454 τέχνην
1554 1418 1779 1453 παρεληλύθασιν
1793 1419 1828 1446 ⁸⁸.

1040 1464 1111 1490 Ἀλλ’
1127 1464 1149 1480 Ἀ
1178 1464 1324 1494 ἐνδιδόντες
1340 1465 1372 1499 τῇ
1400 1463 1481 1498 φύσει
1499 1464 1555 1490 τῶν
1571 1463 1668 1498 λόγων,
1686 1464 1713 1490 οἱ
1728 1464 1758 1491 δὲ
1774 1464 1830 1491 τῶν

1034 1510 1216 1545 πραγμάτων,
1237 1510 1337 1541 παῖδας
1356 1511 1419 1542 τοὺς
1439 1510 1493 1546 πρὸ
1515 1510 1605 1537 αὑτῶν
1625 1509 1752 1547 [δυνάμει
1778 1511 1832 1545 φύ-

1035 1565 1104 1588 σεως
1121 1554 1155 1592 ⁸³]
1171 1555 1327 1587 ἀπέδειξαν.
1343 1555 1424 1583 Ἀλλὰ
1438 1555 1461 1571 ⁸⁸
1470 1556 1560 1587 πάσας
1569 1556 1617 1587 τὰς
1633 1556 1743 1591 τέχνας,
1760 1556 1831 1591 ὅπερ

1034 1599 1122 1634 εἷπον,
1144 1602 1161 1636 ὴ
1174 1601 1254 1635 φύσις
1269 1598 1359 1637 εὗρεν.
1378 1601 1408 1628 Εἰ
1424 1602 1478 1637 γὰρ
1500 1603 1528 1628 αἱ
1553 1602 1646 1636 τέχναι
1666 1602 1716 1633 τὰς
1730 1602 1832 1637 τέχνας

1034 1647 1146 1682 ἔμελλον
1174 1647 1312 1682 εὑρήσειν,
1332 1647 1381 1674 οὐκ
1396 1647 1429 1674 ἂν
1444 1645 1478 1682 ἦν
1499 1647 1592 1674 λαϐεῖν
1607 1649 1658 1682 τὴν
1674 1648 1774 1683 ἀρχήν.
1789 1648 1830 1674 οὐ

1033 1693 1088 1728 γάρ
1102 1701 1146 1719 πω
1159 1692 1262 1727 τεχνῶν
1275 1692 1362 1719 οὐσῶν
1375 1693 1425 1719 οὐκ
1453 1692 1487 1719 ἂν
1503 1690 1537 1728 ἦν
1549 1693 1648 1728 τέχνην
1666 1693 1773 1728 εὑρεῖν·
1792 1695 1828 1730 τῇ

1033 1739 1088 1774 γὰρ
1116 1739 1139 1754 ⁸⁸
1169 1738 1208 1774 μὴ
1237 1737 1304 1774 οὓσῃ
1333 1737 1392 1770 πῶς
1412 1737 1476 1773 ὲνῆν
1497 1739 1588 1773 εὑρεῖν
1603 1739 1643 1771 ";
1660 1738 1766 1765 Οὐκοῦν
1779 1740 1829 1765 καὶ

1033 1784 1103 1812 κατὰ
1115 1783 1178 1815 τοὺς
1194 1783 1324 1818 εὑρόντας
1350 1783 1401 1816 τὰς
1426 1784 1524 1818 τέχνας
1541 1784 1570 1817 ἐξ
1589 1784 1676 1819 ἀρχῆς
1691 1785 1739 1810 καὶ
1756 1785 1829 1812 κατὰ

1033 1829 1095 1861 τοὺς
1120 1829 1303 1864 ὑπερέχοντας
1325 1830 1354 1856 ὲν
1387 1829 1483 1860 αὑταῖς
1494 1829 1517 1845 ⁵⁸
1538 1830 1555 1863 ὴ
1575 1829 1655 1864 φύσις
1671 1830 1744 1865 νικᾷ.
1759 1830 1829 1856 Φαί-

1033 1883 1108 1901 νεται
1124 1874 1147 1890 ⁸⁷
1161 1875 1251 1901 τοίνυν
1276 1875 1323 1902 καὶ
1345 1875 1415 1902 κατὰ
1438 1875 1532 1902 τοῦτον
1545 1875 1567 1891 ⁵⁸
1579 1876 1624 1902 τὸν
1643 1875 1723 1910 λόγον
1741 1876 1758 1911 ἡ
1777 1876 1829 1910 μὲν

1033 1919 1115 1955 φύσις
1127 1919 1256 1955 ἄρχοντος
1276 1921 1368 1956 χώραν
1382 1921 1404 1938 ⁸⁸
1421 1920 1531 1956 ἔχουσα,
1550 1922 1566 1956 ἠ
1585 1921 1613 1948 δὲ
1624 1921 1656 1948 ἐκ
1667 1921 1715 1948 τοῦ
1728 1921 1829 1956 μαθεῖν

1033 1965 1114 2001 τέχνη
1144 1965 1270 1993 διακόνου
1292 1967 1339 1994 xci.
1362 1966 1525 2001 πειθομένου
1554 1966 1594 2002 τῷ
1623 1966 1771 2001 κρείττονι.
1792 1967 1828 1994 ’Δ

1034 2012 1082 2047 μὲν
1098 2012 1120 2028 ⁵⁸
1134 2010 1191 2044 οὖν,
1210 2011 1235 2037 εἰ
1246 2011 1292 2038 καὶ
1310 2011 1346 2046 μὴ
1359 2011 1458 2046 τέχνην
1473 2009 1543 2038 εἴναι
1557 2011 1669 2046 δοίημεν
1681 2011 1730 2045 τὴν
1743 2011 1827 2046 ῥητο-

1033 2057 1123 2092 ρικὴν,
1136 2057 1191 2092 ἔχοι
1209 2057 1231 2073 ⁵³
1250 2065 1291 2088 τις
1302 2056 1335 2083 ἂν
1350 2056 1440 2090 λέγειν
1456 2057 1526 2092 ὑπὲρ
1548 2056 1644 2091 αὐτῆς,
1660 2055 1748 2082 πολλὰ
1761 2056 1828 2090 ἀφε-

1033 2101 1105 2128 λόντι
1115 2101 1169 2128 τῶν
1184 2101 1314 2128 ἐπιόντων
1325 2101 1445 2128 τοσαῦτα
1457 2102 1504 2128 καὶ
1519 2101 1632 2128 τοιαῦτά
1646 2101 1733 2128 ἐστιν.
1745 2101 1828 2132 Ἱσως

1033 2147 1061 2174 δέ
1079 2148 1101 2163 “
1111 2155 1153 2177 τις
1169 2147 1301 2182 οἰήσεται,
1317 2146 1420 2172 τούτων
1430 2145 1516 2177 οὕτως
1534 2145 1780 2180 ἀποδεδειγμένων,
1795 2145 1827 2171 se

188 2187 228 2215 An
246 2195 312 2217 vero
336 2191 476 2219 contraria
495 2199 548 2220 non
566 2196 642 2222 sunt,
656 2191 678 2218 si
703 2195 731 2218 et
750 2191 893 2218 intendere
918 2200 978 2220 eam

1036 2190 1200 2226 φαυλότερον
1212 2189 1338 2216 σπεύδειν
1349 2191 1423 2225 ἡμᾶς
1437 2190 1542 2224 λοιπὸν,
1563 2189 1610 2217 ἐὰν
1626 2190 1668 2217 ὅτι
1684 2190 1732 2216 καὶ
1746 2191 1830 2225 τέχνη

189 2233 272 2261 veluti
289 2234 315 2262 in
344 2242 455 2270 scopum
484 2237 596 2270 dixeris,
612 2242 640 2265 et
654 2238 748 2266 eadem
765 2236 800 2264 de
821 2244 916 2269 causa,
937 2245 980 2264 ra-

189 2279 262 2307 tione
276 2281 388 2308 carere?
402 2281 504 2310 Omnes
531 2283 602 2310 enim
615 2284 661 2319 qui
687 2284 846 2316 collineant,
874 2284 981 2310 ratione

189 2324 282 2359 utique
297 2329 416 2359 utentes,
433 2327 601 2361 collineant;
620 2336 671 2357 nec
691 2329 764 2355 enim
791 2329 853 2356 licet
871 2329 980 2356 ratione

190 2377 242 2396 non
255 2375 374 2398 utentem
389 2372 546 2405 collineare,
559 2374 694 2408 siquidem
708 2373 979 2408 ratiojaculatiouem

188 2413 297 2442 alliciat.
318 2415 386 2444 Nam
405 2418 552 2446 colliueare
572 2424 616 2446 est
638 2427 695 2445 rem
718 2419 864 2454 attingere,
886 2423 916 2445 ut
934 2418 979 2452 qui

189 2462 332 2496 aberrant,
351 2471 403 2490 nou
431 2465 500 2492 bene
526 2465 683 2493 eollineant.
722 2464 816 2500 itaque
847 2472 901 2492 non
929 2465 976 2500 qui

1033 2235 1170 2263 διδάσκειν
1187 2235 1359 2271 πειρώμεθα.
1377 2235 1449 2270 Ἐγὼ
1461 2236 1489 2263 δὲ
1503 2235 1566 2263 οὔτε
1574 2237 1597 2254 ⁸³
1611 2236 1666 2263 τῶν
1674 2237 1832 2272 εἰρημένων

1033 2282 1110 2309 οὐδὲν
1140 2282 1321 2317 μετατίθεμαι
1347 2282 1380 2315 ⁵⁸,
1412 2281 1475 2309 οὔτε
1502 2282 1627 2309 Πλάτωνι
1647 2283 1784 2317 συγχωρῶ
1799 2282 1831 2309 τὸ

1035 2327 1118 2362 μηδὲν
1130 2328 1250 2362 μετεῖναι
1277 2328 1408 2362 ῥητορικῇ
1435 2327 1532 2363 τέχνης
1543 2327 1650 2358 ⁵³,άλλ⁹
1672 2328 1736 2354 ὅσον
1760 2328 1830 2364 αὐτῇ

1035 2374 1133 2409 τέχνης
1153 2374 1304 2409 (χρήσομαι
1323 2375 1346 2390 ⁵⁸
1356 2375 1410 2410 γὰρ
1441 2376 1497 2407 τοῖς
1519 2374 1567 2401 τοῦ
1584 2374 1730 2406 Πλάτωνος
1747 2373 1832 2401 αὑτοῦ

1037 2421 1157 2455 ῥήμασιν
1184 2419 1230 2454 ⁵⁷),
1259 2420 1334 2446 τοῦτ’
1362 2421 1496 2455 ἐπέξειμι.
1525 2421 1622 2447 Καίτοι
1641 2421 1665 2436 ⁵⁸
1692 2421 1753 2451 πῶς
1782 2422 1832 2456 οὐχ

1034 2466 1192 2493 ὑπεναντίον
1228 2466 1344 2500 φάσκειν
1369 2466 1420 2502 μὲν
1443 2466 1622 2502 στοχάζεσθαι
1650 2467 1700 2503 τὴν
1720 2468 1833 2503 ῥητορι-

851 2536 968 2563 νᾹῐὶΙιΕ
989 2536 1190 2564 LECTIONES.

226 2581 249 2597 "’
261 2589 293 2615 γε
307 2581 388 2618 αύτδν
398 2589 454 2608 om.
465 2581 497 2608 A.
535 2581 620 2618 ’[καὶ
632 2580 722 2618 ,ταῦτα
741 2595 775 2618 ἡ
791 2582 870 2614 1315,
884 2582 914 2610 16
930 2583 951 2609 li
969 2582 1066 2618 κρίνωἸ
1077 2591 1126 2617 pro
1143 2583 1185 2609 his
1199 2582 1224 2609 in
1241 2582 1261 2608 Β
1278 2589 1382 2616 pagina:
1397 2589 1490 2609 vacuae
1503 2586 1566 2618 sunt
1580 2580 1712 2616 quinque.
1752 2583 1778 2602 ιθ
1792 2580 1833 2614 οἷς

187 2615 304 2653 έζήτησε
318 2616 412 2653 μαθεῖν
421 2624 532 2653 om._pr.
615 2617 639 2653 ff’
654 2617 753 2653 ᾇτοπον
763 2617 790 2643 δὲ
803 2626 857 2653 mn.
872 2625 912 2652 pr.
924 2618 954 2644 (Σ.
972 2615 1096 2651 leguntur
1111 2618 1192 2653 p.51.
1228 2618 1249 2634 "
1268 2615 1422 2653 καὶίοιιιᾏς
1456 2618 1476 2653 ‘_’
1490 2615 1709 2653 mamma.
1736 2620 1761 2653 {3
1778 2627 1832 2653 ματ

189 2651 294 2688 θάνῃς]

189 2695 216 2722 p.
232 2686 276 2714 52.

189 2730 254 2748 eum.
268 2730 298 2754 ς.

190 2765 231 2791 pr.
245 2757 276 2784 C.
310 2757 336 2792 fi
352 2756 431 2792 ἀλλὰ]
451 2765 475 2789 p.
488 2757 533 2784 53.
571 2755 630 2773 δ’δ’
643 2755 675 2792 τῇ
691 2758 788 2792 γὰρ-
800 2755 890 2792 εὑρεῖν
901 2766 956 2785 οιη.
975 2759 1007 2786 Α.

452 2686 494 2713 AC.
521 2696 526 2713 :

326 2687 372 2704 "‘9
384 2687 433 2720 οὐχ
452 2687 494 2713 AC.
521 2696 526 2713 :
557 2687 603 2713 καὶ
621 2695 650 2718 ς.

189 2792 259 2818 κατὰ
275 2791 368 2829 τοῦτον
379 2791 515 2829 τὸνζλόγον
531 2799 586 2819 om.
605 2792 641 2829 A._
675 2792 698 2829 ξ’
710 2792 813 2829 χώραν]
829 2791 907 2829 λόγον
924 2795 956 2821 Α.
995 2793 1018 2809 ⁵⁸
1030 2793 1048 2820 ἃ.
1062 2794 1123 2827 μὲν]
1138 2802 1154 2829 p
1175 2794 1219 2820 57.
1258 2793 1286 2829 “7
1297 2792 1353 2826 ἔχει
1368 2801 1398 2824 ς.

314 2651 449 2702 μαθόντας
462 2651 531 2678 εἶναι
543 2651 574 2678 C.
613 2651 636 2668 ”
651 2652 791 2685 διαφυγεῖν
807 2652 850 2679 AC
863 2653 1033 2687 ;διαφεύγειν
1047 2661 1078 2685 ς.
1112 2651 1147 2670 ’³⁵
1163 2653 1209 2680 τὸν
1224 2653 1285 2679 add.
1305 2653 1336 2678 A.

326 2687 372 2702 5-19
385 2687 433 2702 λα’μι
455 2686 494 2702 Δί’
521 2696 526 2702 .
557 2687 601 2702 ιιι-ἱ
621 2695 640 2702 ι-
701 2687 724 2702 ιθ
740 2688 762 2702 pl
791 2687 818 2702 RL
843 2688 1074 2702 _-...‘...‘..*n--...1
1101 2688 1157 2702 ιη...
1184 2693 1245 2702 σιν-ιλ
1273 2687 1352 2702 -.Ἦρα-τ

701 2687 724 2723 f°
740 2688 763 2713 ei
791 2687 819 2714 δὲ
843 2688 1074 2723 παρεληλύθασιν]
1101 2688 1158 2716 bzec
1183 2693 1246 2715 ante
1271 2687 1368 2718 αὑταῖς
1394 2687 1486 2723 τοίνυν
1505 2687 1596 2723 (paulo
1609 2691 1701 2723 supra)
1719 2694 1797 2721 ponit
1812 2687 1834 2715 (ἶ

349 2722 375 2758 δίλ
457 2721 612 2758 ἐνδιδόντεςΔ
622 2723 657 2758 τῇ
674 2721 754 2756 φύσει
777 2723 830 2748 τῶν
849 2721 976 2756 left-wet
990 2732 1050 2750 mox
1068 2723 1121 2750 τῶν
1138 2723 1309 2758 πραγμάτων
1323 2730 1376 2758 om.
1395 2722 1424 2748 Α.

1125 2654 1147 2670 ³⁵
1163 2653 1209 2680 τὸν
1224 2653 1285 2679 add.
1305 2653 1336 2678 A.
1397 2651 1421 2666 “
1433 2651 1596 2685 τελεώτερον
1609 2660 1639 2684 ς.
1686 2652 1709 2667 ³⁷
1723 2652 1820 2683 αὐτοῖς

1481 2722 1504 2738 “
1518 2722 1631 2755 δυνάμει
1649 2721 1758 2754 φύσεως
1775 2731 1832 2750 Olli.

1043 2758 1067 2774 “
1077 2759 1106 2784 ὲν
1118 2756 1279 2788 αὑταῖςοιιι.
1296 2765 1336 2789 pr.
1355 2757 1386 2784 C.
1425 2758 1449 2774 "
1465 2756 1602 2792 φαίνεται]
1614 2765 1640 2792 p.
1657 2756 1702 2783 54.
1742 2757 1766 2792 γε
1785 2758 1834 2784 καὶ

1446 2790 1475 2809 δ”
1484 2791 1524 2827 δέ]
1538 2791 1561 2818 δ’
1574 2792 1606 2818 ἄν
1623 2791 1656 2827 Α.
1692 2790 1754 2808 ⁸³⁸⁸⁸
1767 2792 1832 2819 οὔτε

189 2841 219 2845 —
234 2825 433 2865 μετατίθεμαι]
447 2828 530 2862 ούμαι
548 2829 577 2855 Α.
619 2827 642 2844 ⁵⁸
655 2825 725 2863 αὑτῇ
740 2825 849 2865 τέχνης]
866 2825 924 2857 imo
937 2829 1020 2864 αὐτῆς
1033 2825 1126 2864 τέχνηξ
1138 2825 1144 2829 ’
1163 2829 1221 2846 ⁸⁵·⁸⁷
1239 2825 1538 2864 χρήσομαι-ῥήμασίν
1550 2835 1606 2856 om.
1621 2826 1654 2853 Α.
1692 2827 1717 2844 ⁵⁸
1728 2827 1831 2860 καίτοι]

189 2868 216 2895 p.
233 2861 277 2890 56.
