  <div class='ocr_page' id='page_1' title='image "/cluster/home/n/w/nwhite01/storage/ocr_20150623/103/njp.32101010943882/884.png"; bbox 0 0 1923 3093; ppageno 0'>
   <div class='ocr_carea' id='block_1_1' title="bbox 79 161 148 196">
    <p class='ocr_par' dir='ltr' id='par_1_1' title="bbox 79 161 148 196">
     <span class='ocr_line' id='line_1_1' title="bbox 79 161 148 196; baseline 0.029 -2"><span class='ocrx_word' id='word_1_1' title='bbox 79 161 148 196; x_wconf 83' lang='grc'><strong>1501</strong></span> 
     </span>
    </p>
   </div>
   <div class='ocr_carea' id='block_1_2' title="bbox 596 161 1197 195">
    <p class='ocr_par' dir='ltr' id='par_1_2' title="bbox 596 161 1197 195">
     <span class='ocr_line' id='line_1_2' title="bbox 596 161 1197 195; baseline 0.002 -3"><span class='ocrx_word' id='word_1_2' title='bbox 596 161 860 195; x_wconf 76' lang='lat' dir='ltr'><strong>BIBLIOTHECA.</strong></span> <span class='ocrx_word' id='word_1_3' title='bbox 880 175 915 181; x_wconf 83' lang='lat'><strong>—</strong></span> <span class='ocrx_word' id='word_1_4' title='bbox 931 163 1014 194; x_wconf 88' lang='lat' dir='ltr'><strong>COD.</strong></span> <span class='ocrx_word' id='word_1_5' title='bbox 1034 163 1197 194; x_wconf 83' lang='lat' dir='ltr'><strong>CCXLVII.</strong></span> 
     </span>
    </p>
   </div>
   <div class='ocr_carea' id='block_1_3' title="bbox 1651 159 1723 193">
    <p class='ocr_par' dir='ltr' id='par_1_3' title="bbox 1651 159 1723 193">
     <span class='ocr_line' id='line_1_3' title="bbox 1651 159 1723 193; baseline -0.028 0"><span class='ocrx_word' id='word_1_6' title='bbox 1651 159 1723 193; x_wconf 71' lang='grc'><strong>1502</strong></span> 
     </span>
    </p>
   </div>
   <div class='ocr_carea' id='block_1_4' title="bbox 76 215 876 254">
    <p class='ocr_par' dir='ltr' id='par_1_4' title="bbox 76 215 876 254">
     <span class='ocr_line' id='line_1_4' title="bbox 76 215 876 254; baseline -0.001 -9"><span class='ocrx_word' id='word_1_7' title='bbox 76 219 131 254; x_wconf 77' lang='grc' dir='ltr'>κὴν</span> <span class='ocrx_word' id='word_1_8' title='bbox 147 218 181 251; x_wconf 82' lang='lat'><strong>&quot;,</strong></span> <span class='ocrx_word' id='word_1_9' title='bbox 194 216 285 252; x_wconf 80' lang='grc' dir='ltr'>λέγειν</span> <span class='ocrx_word' id='word_1_10' title='bbox 297 216 327 244; x_wconf 67' lang='grc' dir='ltr'><strong>δὲ</strong></span> <span class='ocrx_word' id='word_1_11' title='bbox 340 216 379 249; x_wconf 83' lang='grc' dir='ltr'><strong>ὡς</strong></span> <span class='ocrx_word' id='word_1_12' title='bbox 393 216 423 243; x_wconf 84' lang='grc' dir='ltr'>οὗ</span> <span class='ocrx_word' id='word_1_13' title='bbox 440 215 541 252; x_wconf 86' lang='grc' dir='ltr'>χρῆται</span> <span class='ocrx_word' id='word_1_14' title='bbox 565 216 682 252; x_wconf 71' lang='grc' dir='ltr'><strong>λόγῳῖδι⁸</strong></span> <span class='ocrx_word' id='word_1_15' title='bbox 696 217 764 244; x_wconf 76' lang='grc' dir='ltr'>αὐτὸ</span> <span class='ocrx_word' id='word_1_16' title='bbox 779 217 876 251; x_wconf 82' lang='grc' dir='ltr'>τοῦτο;</span> 
     </span>
    </p>
   </div>
   <div class='ocr_carea' id='block_1_5' title="bbox 930 215 1725 254">
    <p class='ocr_par' dir='ltr' id='par_1_5' title="bbox 931 215 1725 252">
     <span class='ocr_line' id='line_1_5' title="bbox 931 215 1725 252; baseline -0.004 -6"><span class='ocrx_word' id='word_1_17' title='bbox 931 218 1059 246; x_wconf 84' lang='lat' dir='ltr'><strong>collineat</strong></span> <span class='ocrx_word' id='word_1_18' title='bbox 1073 219 1194 252; x_wconf 88' lang='lat' dir='ltr'><strong>aberrat,</strong></span> <span class='ocrx_word' id='word_1_19' title='bbox 1211 218 1259 246; x_wconf 88' lang='lat' dir='ltr'><strong>sed</strong></span> <span class='ocrx_word' id='word_1_20' title='bbox 1271 217 1317 252; x_wconf 87' lang='lat' dir='ltr'><strong>qui</strong></span> <span class='ocrx_word' id='word_1_21' title='bbox 1331 216 1470 245; x_wconf 79' lang='lat' dir='ltr'><strong>aberravit</strong></span> <span class='ocrx_word' id='word_1_22' title='bbox 1486 224 1539 244; x_wconf 90' lang='lat' dir='ltr'><strong>non</strong></span> <span class='ocrx_word' id='word_1_23' title='bbox 1558 215 1725 247; x_wconf 73' lang='lat' dir='ltr'><strong>collineavit.</strong></span> 
     </span>
    </p>
   </div>
   <div class='ocr_carea' id='block_1_6' title="bbox 77 263 873 300">
    <p class='ocr_par' dir='ltr' id='par_1_6' title="bbox 77 263 873 300">
     <span class='ocr_line' id='line_1_6' title="bbox 77 263 873 300; baseline -0.003 -8"><span class='ocrx_word' id='word_1_24' title='bbox 77 265 180 296; x_wconf 81' lang='grc' dir='ltr'>πάντες</span> <span class='ocrx_word' id='word_1_25' title='bbox 195 264 250 300; x_wconf 85' lang='grc' dir='ltr'><strong>γὰρ</strong></span> <span class='ocrx_word' id='word_1_26' title='bbox 264 265 289 291; x_wconf 73' lang='lat' dir='ltr'><strong>of.</strong></span> <span class='ocrx_word' id='word_1_27' title='bbox 305 263 500 300; x_wconf 70' lang='grc' dir='ltr'>στοχαζόμενοι</span> <span class='ocrx_word' id='word_1_28' title='bbox 519 263 550 298; x_wconf 91' lang='grc' dir='ltr'><strong>δή</strong></span> <span class='ocrx_word' id='word_1_29' title='bbox 568 271 619 290; x_wconf 87' lang='grc' dir='ltr'><strong>που</strong></span> <span class='ocrx_word' id='word_1_30' title='bbox 642 263 681 299; x_wconf 84' lang='grc' dir='ltr'>τῷ</span> <span class='ocrx_word' id='word_1_31' title='bbox 697 264 769 300; x_wconf 86' lang='grc' dir='ltr'>λόγῳ</span> <span class='ocrx_word' id='word_1_32' title='bbox 785 272 873 300; x_wconf 88' lang='grc' dir='ltr'>προσ-</span> 
     </span>
    </p>
   </div>
   <div class='ocr_carea' id='block_1_7' title="bbox 77 308 877 346">
    <p class='ocr_par' dir='ltr' id='par_1_7' title="bbox 77 308 877 346">
     <span class='ocr_line' id='line_1_7' title="bbox 77 308 877 346; baseline -0.003 -8"><span class='ocrx_word' id='word_1_33' title='bbox 77 311 194 345; x_wconf 84' lang='grc' dir='ltr'>άγοντες</span> <span class='ocrx_word' id='word_1_34' title='bbox 204 310 228 326; x_wconf 70' lang='grc'>⁸⁸</span> <span class='ocrx_word' id='word_1_35' title='bbox 241 310 365 342; x_wconf 77' lang='grc' dir='ltr'>ἑαυτοὺς,</span> <span class='ocrx_word' id='word_1_36' title='bbox 391 308 464 336; x_wconf 82' lang='grc' dir='ltr'>οὕτω</span> <span class='ocrx_word' id='word_1_37' title='bbox 482 309 670 344; x_wconf 83' lang='grc' dir='ltr'>στοχάζονται.</span> <span class='ocrx_word' id='word_1_38' title='bbox 692 309 730 336; x_wconf 79' lang='grc' dir='ltr'>Οὑ</span> <span class='ocrx_word' id='word_1_39' title='bbox 744 310 801 346; x_wconf 86' lang='grc' dir='ltr'>γὰρ</span> <span class='ocrx_word' id='word_1_40' title='bbox 817 309 877 337; x_wconf 73' lang='grc' dir='ltr'>ἐστι</span> 
     </span>
    </p>
   </div>
   <div class='ocr_carea' id='block_1_8' title="bbox 79 355 878 396">
    <p class='ocr_par' dir='ltr' id='par_1_8' title="bbox 79 355 878 396">
     <span class='ocr_line' id='line_1_8' title="bbox 79 355 878 396; baseline -0.001 -13"><span class='ocrx_word' id='word_1_41' title='bbox 79 357 121 396; x_wconf 59' lang='grc' dir='ltr'>μὴ</span> <span class='ocrx_word' id='word_1_42' title='bbox 131 357 203 392; x_wconf 75' lang='grc' dir='ltr'>λόγῳ</span> <span class='ocrx_word' id='word_1_43' title='bbox 218 356 361 396; x_wconf 81' lang='grc' dir='ltr'>χρώμενον</span> <span class='ocrx_word' id='word_1_44' title='bbox 392 355 584 390; x_wconf 78' lang='grc' dir='ltr'>στοχάζεσθαι,</span> <span class='ocrx_word' id='word_1_45' title='bbox 610 355 667 382; x_wconf 73' lang='grc' dir='ltr'>ἀλλ’</span> <span class='ocrx_word' id='word_1_46' title='bbox 683 356 697 382; x_wconf 86' lang='grc' dir='ltr'>ὁ</span> <span class='ocrx_word' id='word_1_47' title='bbox 708 355 730 371; x_wconf 79' lang='grc'><strong>⁶¹</strong></span> <span class='ocrx_word' id='word_1_48' title='bbox 744 355 791 382; x_wconf 82' lang='grc' dir='ltr'>τοῦ</span> <span class='ocrx_word' id='word_1_49' title='bbox 806 356 878 390; x_wconf 81' lang='grc' dir='ltr'>πρά-</span> 
     </span>
    </p>
   </div>
   <div class='ocr_carea' id='block_1_9' title="bbox 77 394 878 437">
    <p class='ocr_par' dir='ltr' id='par_1_9' title="bbox 77 394 878 437">
     <span class='ocr_line' id='line_1_9' title="bbox 77 394 878 437; baseline -0.002 -9"><span class='ocrx_word' id='word_1_50' title='bbox 77 394 185 437; x_wconf 77' lang='grc' dir='ltr'>γ⁶ματος</span> <span class='ocrx_word' id='word_1_51' title='bbox 194 402 273 435; x_wconf 82' lang='grc' dir='ltr'>λόγος</span> <span class='ocrx_word' id='word_1_52' title='bbox 286 398 363 433; x_wconf 78' lang='grc' dir='ltr'>οὗτός</span> <span class='ocrx_word' id='word_1_53' title='bbox 371 401 445 427; x_wconf 76' lang='grc' dir='ltr'>ἐστιν</span> <span class='ocrx_word' id='word_1_54' title='bbox 460 402 475 428; x_wconf 84' lang='grc' dir='ltr'>ὁ</span> <span class='ocrx_word' id='word_1_55' title='bbox 488 400 573 427; x_wconf 80' lang='grc' dir='ltr'>ποιῶν</span> <span class='ocrx_word' id='word_1_56' title='bbox 586 399 778 435; x_wconf 79' lang='grc' dir='ltr'>στοχάζεσθαι.</span> <span class='ocrx_word' id='word_1_57' title='bbox 799 400 878 427; x_wconf 85' lang='grc' dir='ltr'>Ἔστι</span> 
     </span>
    </p>
   </div>
   <div class='ocr_carea' id='block_1_10' title="bbox 77 446 877 484">
    <p class='ocr_par' dir='ltr' id='par_1_10' title="bbox 77 446 877 484">
     <span class='ocr_line' id='line_1_10' title="bbox 77 446 877 484; baseline -0.004 -9"><span class='ocrx_word' id='word_1_58' title='bbox 77 449 108 476; x_wconf 78' lang='grc' dir='ltr'>δὲ</span> <span class='ocrx_word' id='word_1_59' title='bbox 123 448 304 484; x_wconf 70' lang='grc' dir='ltr'>στοχάζεσθαι</span> <span class='ocrx_word' id='word_1_60' title='bbox 317 448 347 475; x_wconf 80' lang='grc' dir='ltr'>τὸ</span> <span class='ocrx_word' id='word_1_61' title='bbox 365 448 459 482; x_wconf 84' lang='grc' dir='ltr'>τυχεῖν</span> <span class='ocrx_word' id='word_1_62' title='bbox 485 447 533 474; x_wconf 83' lang='grc' dir='ltr'><strong>τοῦ</strong></span> <span class='ocrx_word' id='word_1_63' title='bbox 550 446 723 482; x_wconf 81' lang='grc' dir='ltr'>πράγματος,</span> <span class='ocrx_word' id='word_1_64' title='bbox 744 446 783 478; x_wconf 84' lang='grc' dir='ltr'>ὡς</span> <span class='ocrx_word' id='word_1_65' title='bbox 807 446 835 472; x_wconf 82' lang='grc' dir='ltr'><strong>οῖ</strong></span> <span class='ocrx_word' id='word_1_66' title='bbox 845 455 877 480; x_wconf 80' lang='grc' dir='ltr'><strong>γε</strong></span> 
     </span>
    </p>
   </div>
   <div class='ocr_carea' id='block_1_11' title="bbox 79 492 878 528">
    <p class='ocr_par' dir='ltr' id='par_1_11' title="bbox 79 492 878 528">
     <span class='ocr_line' id='line_1_11' title="bbox 79 492 878 528; baseline -0.003 -8"><span class='ocrx_word' id='word_1_67' title='bbox 79 493 434 528; x_wconf 61' lang='grc' dir='ltr'>ἀποτυγχάνοντεςεάρχὴν</span> <span class='ocrx_word' id='word_1_68' title='bbox 470 492 530 520; x_wconf 79' lang='grc' dir='ltr'>οὐδὲ</span> <span class='ocrx_word' id='word_1_69' title='bbox 558 492 745 528; x_wconf 80' lang='grc' dir='ltr'>στοχάζονται.</span> <span class='ocrx_word' id='word_1_70' title='bbox 771 492 878 519; x_wconf 75' lang='grc' dir='ltr'>Οὐκοῦν</span> 
     </span>
    </p>
   </div>
   <div class='ocr_carea' id='block_1_12' title="bbox 78 534 879 574">
    <p class='ocr_par' dir='ltr' id='par_1_12' title="bbox 78 534 879 574">
     <span class='ocr_line' id='line_1_12' title="bbox 78 534 879 574; baseline -0.002 -8"><span class='ocrx_word' id='word_1_71' title='bbox 78 540 130 574; x_wconf 72' lang='grc' dir='ltr'>οὐχ</span> <span class='ocrx_word' id='word_1_72' title='bbox 145 536 168 574; x_wconf 81' lang='grc' dir='ltr'>ᾧ</span> <span class='ocrx_word' id='word_1_73' title='bbox 181 540 203 555; x_wconf 83' lang='grc'><strong>⁶¹</strong></span> <span class='ocrx_word' id='word_1_74' title='bbox 218 539 398 574; x_wconf 82' lang='grc' dir='ltr'>στοχάζεσθαι</span> <span class='ocrx_word' id='word_1_75' title='bbox 417 539 569 573; x_wconf 76' lang='grc' dir='ltr'><strong>ἁμαρτάνει</strong></span> <span class='ocrx_word' id='word_1_76' title='bbox 587 547 640 570; x_wconf 84' lang='grc' dir='ltr'>τις,</span> <span class='ocrx_word' id='word_1_77' title='bbox 653 538 709 564; x_wconf 81' lang='grc' dir='ltr'>ἀλλ’</span> <span class='ocrx_word' id='word_1_78' title='bbox 722 534 744 572; x_wconf 79' lang='grc' dir='ltr'>ᾧ</span> <span class='ocrx_word' id='word_1_79' title='bbox 759 537 879 574; x_wconf 83' lang='grc' dir='ltr'>διήμαρ-</span> 
     </span>
    </p>
   </div>
   <div class='ocr_carea' id='block_1_13' title="bbox 78 585 879 621">
    <p class='ocr_par' dir='ltr' id='par_1_13' title="bbox 78 585 879 621">
     <span class='ocr_line' id='line_1_13' title="bbox 78 585 879 621; baseline -0.001 -9"><span class='ocrx_word' id='word_1_80' title='bbox 78 595 127 612; x_wconf 86' lang='grc' dir='ltr'><strong>τεν</strong></span> <span class='ocrx_word' id='word_1_81' title='bbox 137 586 189 612; x_wconf 86' lang='grc' dir='ltr'><strong>οὐκ</strong></span> <span class='ocrx_word' id='word_1_82' title='bbox 208 586 387 621; x_wconf 74' lang='grc' dir='ltr'><strong>ἐστοχάσατο.</strong></span> <span class='ocrx_word' id='word_1_83' title='bbox 402 586 522 617; x_wconf 75' lang='grc' dir='ltr'><strong>Εἰκότως</strong></span> <span class='ocrx_word' id='word_1_84' title='bbox 533 593 540 601; x_wconf 77' lang='grc' dir='ltr'><strong><em>ο</em></strong></span> <span class='ocrx_word' id='word_1_85' title='bbox 552 585 641 616; x_wconf 78' lang='grc' dir='ltr'>οὐδεὶς</span> <span class='ocrx_word' id='word_1_86' title='bbox 653 585 707 619; x_wconf 83' lang='grc' dir='ltr'><strong>γὰρ</strong></span> <span class='ocrx_word' id='word_1_87' title='bbox 723 585 879 620; x_wconf 82' lang='grc' dir='ltr'><strong>ἁμαρτάνει</strong></span> 
     </span>
    </p>
   </div>
   <div class='ocr_carea' id='block_1_14' title="bbox 79 631 878 667">
    <p class='ocr_par' dir='ltr' id='par_1_14' title="bbox 79 631 878 667">
     <span class='ocr_line' id='line_1_14' title="bbox 79 631 878 667; baseline -0.001 -9"><span class='ocrx_word' id='word_1_88' title='bbox 79 632 154 667; x_wconf 73' lang='grc' dir='ltr'>λόγῳ</span> <span class='ocrx_word' id='word_1_89' title='bbox 167 632 320 667; x_wconf 81' lang='grc' dir='ltr'>χρώμενος,</span> <span class='ocrx_word' id='word_1_90' title='bbox 337 631 396 658; x_wconf 83' lang='grc' dir='ltr'>ἀλλ’</span> <span class='ocrx_word' id='word_1_91' title='bbox 420 632 479 666; x_wconf 75' lang='grc' dir='ltr'>ἅμα</span> <span class='ocrx_word' id='word_1_92' title='bbox 505 631 609 666; x_wconf 70' lang='grc' dir='ltr'>ἐσφάλη</span> <span class='ocrx_word' id='word_1_93' title='bbox 629 631 677 657; x_wconf 69' lang='grc' dir='ltr'>καὶ</span> <span class='ocrx_word' id='word_1_94' title='bbox 699 631 745 658; x_wconf 78' lang='grc' dir='ltr'><strong>τὸν</strong></span> <span class='ocrx_word' id='word_1_95' title='bbox 757 631 836 665; x_wconf 72' lang='grc' dir='ltr'>λόγον</span> <span class='ocrx_word' id='word_1_96' title='bbox 847 631 878 657; x_wconf 83' lang='grc' dir='ltr'>οὐ</span> 
     </span>
    </p>
   </div>
   <div class='ocr_carea' id='block_1_15' title="bbox 79 677 878 715">
    <p class='ocr_par' dir='ltr' id='par_1_15' title="bbox 79 677 878 715">
     <span class='ocr_line' id='line_1_15' title="bbox 79 677 878 715; baseline -0.004 -9"><span class='ocrx_word' id='word_1_97' title='bbox 79 679 241 706; x_wconf 83' lang='grc' dir='ltr'>διεσώσατο.</span> <span class='ocrx_word' id='word_1_98' title='bbox 254 678 303 715; x_wconf 84' lang='grc' dir='ltr'><strong>[Τὸ</strong></span> <span class='ocrx_word' id='word_1_99' title='bbox 321 678 417 713; x_wconf 82' lang='grc' dir='ltr'>μέλλον</span> <span class='ocrx_word' id='word_1_100' title='bbox 429 678 452 694; x_wconf 84' lang='grc'><strong>⁸³</strong></span> <span class='ocrx_word' id='word_1_101' title='bbox 476 678 585 712; x_wconf 79' lang='grc' dir='ltr'><strong>ἑκάστῳ</strong></span> <span class='ocrx_word' id='word_1_102' title='bbox 605 677 739 704; x_wconf 81' lang='grc' dir='ltr'><strong>συνοίσειν</strong></span> <span class='ocrx_word' id='word_1_103' title='bbox 751 677 878 711; x_wconf 84' lang='grc' dir='ltr'>ὲκλέγον-</span> 
     </span>
    </p>
   </div>
   <div class='ocr_carea' id='block_1_16' title="bbox 79 721 879 760">
    <p class='ocr_par' dir='ltr' id='par_1_16' title="bbox 79 721 879 760">
     <span class='ocr_line' id='line_1_16' title="bbox 79 721 879 760; baseline 0.008 -8"><span class='ocrx_word' id='word_1_104' title='bbox 79 735 127 758; x_wconf 88' lang='grc' dir='ltr'><strong>τες</strong></span> <span class='ocrx_word' id='word_1_105' title='bbox 144 725 190 760; x_wconf 49' lang='grc' dir='ltr'><strong>οἱ]</strong></span> <span class='ocrx_word' id='word_1_106' title='bbox 204 726 257 752; x_wconf 77' lang='grc' dir='ltr'><strong>Καὶ</strong></span> <span class='ocrx_word' id='word_1_107' title='bbox 272 725 370 756; x_wconf 79' lang='grc' dir='ltr'>ταῦτα,</span> <span class='ocrx_word' id='word_1_108' title='bbox 393 721 416 751; x_wconf 82' lang='grc' dir='ltr'><strong>ὧ</strong></span> <span class='ocrx_word' id='word_1_109' title='bbox 436 724 559 755; x_wconf 84' lang='grc' dir='ltr'><strong>Πλάτων,</strong></span> <span class='ocrx_word' id='word_1_110' title='bbox 580 724 640 754; x_wconf 78' lang='grc' dir='ltr'>ταῖς</span> <span class='ocrx_word' id='word_1_111' title='bbox 657 724 718 754; x_wconf 80' lang='grc' dir='ltr'>σαῖς</span> <span class='ocrx_word' id='word_1_112' title='bbox 729 723 879 757; x_wconf 81' lang='grc' dir='ltr'>ἀδαμαντί-</span> 
     </span>
    </p>
   </div>
   <div class='ocr_carea' id='block_1_17' title="bbox 79 768 880 806">
    <p class='ocr_par' dir='ltr' id='par_1_17' title="bbox 79 768 880 806">
     <span class='ocr_line' id='line_1_17' title="bbox 79 768 880 806; baseline -0.004 -7"><span class='ocrx_word' id='word_1_113' title='bbox 79 781 142 804; x_wconf 84' lang='grc' dir='ltr'>ναις</span> <span class='ocrx_word' id='word_1_114' title='bbox 156 773 291 806; x_wconf 81' lang='grc' dir='ltr'><strong>ἀνάγκαις</strong></span> <span class='ocrx_word' id='word_1_115' title='bbox 307 771 512 798; x_wconf 81' lang='grc' dir='ltr'>ἀποδείκνυται.</span> <span class='ocrx_word' id='word_1_116' title='bbox 533 769 616 806; x_wconf 67' lang='grc'><strong>[1248</strong></span> <span class='ocrx_word' id='word_1_117' title='bbox 631 768 676 805; x_wconf 63' lang='grc' dir='ltr'><strong>Κ]</strong></span> <span class='ocrx_word' id='word_1_118' title='bbox 694 769 726 796; x_wconf 91' lang='grc' dir='ltr'>Τί</span> <span class='ocrx_word' id='word_1_119' title='bbox 740 769 769 796; x_wconf 83' lang='grc' dir='ltr'>δὲ</span> <span class='ocrx_word' id='word_1_120' title='bbox 781 770 804 786; x_wconf 79' lang='grc'><strong>⁸⁵</strong></span> <span class='ocrx_word' id='word_1_121' title='bbox 815 770 880 805; x_wconf 69' lang='grc' dir='ltr'>περὶ</span> 
     </span>
    </p>
   </div>
   <div class='ocr_carea' id='block_1_18' title="bbox 81 814 879 853">
    <p class='ocr_par' dir='ltr' id='par_1_18' title="bbox 81 814 879 853">
     <span class='ocr_line' id='line_1_18' title="bbox 81 814 879 853; baseline -0.005 -9"><span class='ocrx_word' id='word_1_122' title='bbox 81 818 242 853; x_wconf 80' lang='grc' dir='ltr'><strong>ῥητορικῆς,</strong></span> <span class='ocrx_word' id='word_1_123' title='bbox 268 818 294 843; x_wconf 82' lang='grc' dir='ltr'>ει</span> <span class='ocrx_word' id='word_1_124' title='bbox 318 815 491 852; x_wconf 78' lang='grc' dir='ltr'><strong>στοχάζεται,</strong></span> <span class='ocrx_word' id='word_1_125' title='bbox 516 815 668 850; x_wconf 73' lang='grc' dir='ltr'>Θαυμὰζεις</span> <span class='ocrx_word' id='word_1_126' title='bbox 692 815 736 848; x_wconf 80' lang='lat'><strong>“;</strong></span> <span class='ocrx_word' id='word_1_127' title='bbox 752 814 879 849; x_wconf 85' lang='grc' dir='ltr'>φαίνεται</span> 
     </span>
    </p>
   </div>
   <div class='ocr_carea' id='block_1_19' title="bbox 79 859 880 897">
    <p class='ocr_par' dir='ltr' id='par_1_19' title="bbox 79 859 880 897">
     <span class='ocr_line' id='line_1_19' title="bbox 79 859 880 897; baseline -0.005 -8"><span class='ocrx_word' id='word_1_128' title='bbox 79 862 136 897; x_wconf 85' lang='grc' dir='ltr'>γὰρ</span> <span class='ocrx_word' id='word_1_129' title='bbox 150 862 172 878; x_wconf 77' lang='grc'><strong>⁸⁷</strong></span> <span class='ocrx_word' id='word_1_130' title='bbox 189 861 320 897; x_wconf 79' lang='grc' dir='ltr'>ῥητορικὴ</span> <span class='ocrx_word' id='word_1_131' title='bbox 331 861 432 896; x_wconf 86' lang='grc' dir='ltr'>ὁμοίως</span> <span class='ocrx_word' id='word_1_132' title='bbox 443 860 603 895; x_wconf 82' lang='grc' dir='ltr'><strong>διακειμένη</strong></span> <span class='ocrx_word' id='word_1_133' title='bbox 616 861 649 895; x_wconf 87' lang='grc' dir='ltr'><strong>τῇ</strong></span> <span class='ocrx_word' id='word_1_134' title='bbox 663 862 792 895; x_wconf 79' lang='grc' dir='ltr'>μαντικῇ,</span> <span class='ocrx_word' id='word_1_135' title='bbox 808 859 880 895; x_wconf 86' lang='grc' dir='ltr'>πλὴν</span> 
     </span>
    </p>
   </div>
   <div class='ocr_carea' id='block_1_20' title="bbox 928 262 1725 298">
    <p class='ocr_par' dir='ltr' id='par_1_20' title="bbox 928 262 1725 298">
     <span class='ocr_line' id='line_1_20' title="bbox 928 262 1725 298; baseline -0.004 -7"><span class='ocrx_word' id='word_1_136' title='bbox 928 268 956 292; x_wconf 90' lang='lat' dir='ltr'><strong>et</strong></span> <span class='ocrx_word' id='word_1_137' title='bbox 965 264 1081 297; x_wconf 85' lang='lat' dir='ltr'><strong>merito;</strong></span> <span class='ocrx_word' id='word_1_138' title='bbox 1095 262 1228 298; x_wconf 84' lang='lat' dir='ltr'><strong>siquidem</strong></span> <span class='ocrx_word' id='word_1_139' title='bbox 1243 270 1324 290; x_wconf 92' lang='lat' dir='ltr'><strong>nemo</strong></span> <span class='ocrx_word' id='word_1_140' title='bbox 1336 263 1400 290; x_wconf 90' lang='lat' dir='ltr'><strong>dum</strong></span> <span class='ocrx_word' id='word_1_141' title='bbox 1413 262 1519 290; x_wconf 75' lang='lat' dir='ltr'><strong>ratione</strong></span> <span class='ocrx_word' id='word_1_142' title='bbox 1528 262 1625 294; x_wconf 87' lang='lat' dir='ltr'><strong>utitur,</strong></span> <span class='ocrx_word' id='word_1_143' title='bbox 1637 265 1725 293; x_wconf 85' lang='lat' dir='ltr'><strong>errat,</strong></span> 
     </span>
    </p>
   </div>
   <div class='ocr_carea' id='block_1_21' title="bbox 928 306 1724 344">
    <p class='ocr_par' dir='ltr' id='par_1_21' title="bbox 928 306 1724 344">
     <span class='ocr_line' id='line_1_21' title="bbox 928 306 1724 344; baseline -0.004 -8"><span class='ocrx_word' id='word_1_144' title='bbox 928 315 1021 336; x_wconf 84' lang='lat' dir='ltr'><strong>verum</strong></span> <span class='ocrx_word' id='word_1_145' title='bbox 1038 309 1206 343; x_wconf 74' lang='lat' dir='ltr'><strong>simulatque</strong></span> <span class='ocrx_word' id='word_1_146' title='bbox 1220 309 1355 336; x_wconf 89' lang='lat' dir='ltr'><strong>rationem</strong></span> <span class='ocrx_word' id='word_1_147' title='bbox 1367 308 1471 339; x_wconf 84' lang='lat' dir='ltr'><strong>amisit,</strong></span> <span class='ocrx_word' id='word_1_148' title='bbox 1491 312 1576 335; x_wconf 90' lang='lat' dir='ltr'><strong>errat.</strong></span> <span class='ocrx_word' id='word_1_149' title='bbox 1589 306 1630 344; x_wconf 80' lang='lat' dir='ltr'><strong>[Id</strong></span> <span class='ocrx_word' id='word_1_150' title='bbox 1652 306 1724 341; x_wconf 89' lang='lat' dir='ltr'><strong>quod</strong></span> 
     </span>
    </p>
   </div>
   <div class='ocr_carea' id='block_1_22' title="bbox 928 353 1723 389">
    <p class='ocr_par' dir='ltr' id='par_1_22' title="bbox 928 353 1723 389">
     <span class='ocr_line' id='line_1_22' title="bbox 928 353 1723 389; baseline -0.004 -8"><span class='ocrx_word' id='word_1_151' title='bbox 928 355 1027 388; x_wconf 86' lang='lat' dir='ltr'><strong>cuique</strong></span> <span class='ocrx_word' id='word_1_152' title='bbox 1039 354 1209 388; x_wconf 71' lang='lat' dir='ltr'><strong>profuturum</strong></span> <span class='ocrx_word' id='word_1_153' title='bbox 1224 358 1276 385; x_wconf 80' lang='lat' dir='ltr'><strong>est,</strong></span> <span class='ocrx_word' id='word_1_154' title='bbox 1291 353 1466 389; x_wconf 72' lang='lat' dir='ltr'><strong>deligentes.]</strong></span> <span class='ocrx_word' id='word_1_155' title='bbox 1482 353 1572 387; x_wconf 81' lang='lat' dir='ltr'><strong>Atque</strong></span> <span class='ocrx_word' id='word_1_156' title='bbox 1587 354 1646 381; x_wconf 75' lang='lat' dir='ltr'><strong>hzec</strong></span> <span class='ocrx_word' id='word_1_157' title='bbox 1658 353 1723 387; x_wconf 88' lang='lat' dir='ltr'><strong>qui-</strong></span> 
     </span>
    </p>
   </div>
   <div class='ocr_carea' id='block_1_23' title="bbox 928 399 1720 432">
    <p class='ocr_par' dir='ltr' id='par_1_23' title="bbox 928 399 1720 432">
     <span class='ocr_line' id='line_1_23' title="bbox 928 399 1720 432; baseline -0.003 -5"><span class='ocrx_word' id='word_1_158' title='bbox 928 400 1001 432; x_wconf 86' lang='lat' dir='ltr'><strong>dem,</strong></span> <span class='ocrx_word' id='word_1_159' title='bbox 1023 400 1110 430; x_wconf 78' lang='lat' dir='ltr'><strong>Plato,</strong></span> <span class='ocrx_word' id='word_1_160' title='bbox 1135 399 1323 427; x_wconf 86' lang='lat' dir='ltr'><strong>adamantinis</strong></span> <span class='ocrx_word' id='word_1_161' title='bbox 1349 399 1402 426; x_wconf 87' lang='lat' dir='ltr'><strong>tuis</strong></span> <span class='ocrx_word' id='word_1_162' title='bbox 1414 399 1641 426; x_wconf 71' lang='lat' dir='ltr'><strong>demonstrantur</strong></span> <span class='ocrx_word' id='word_1_163' title='bbox 1671 405 1720 425; x_wconf 64' lang='lat' dir='ltr'><strong>nev</strong></span> 
     </span>
    </p>
   </div>
   <div class='ocr_carea' id='block_1_24' title="bbox 928 443 1726 478">
    <p class='ocr_par' dir='ltr' id='par_1_24' title="bbox 928 443 1726 478">
     <span class='ocr_line' id='line_1_24' title="bbox 928 443 1726 478; baseline -0.004 -5"><span class='ocrx_word' id='word_1_164' title='bbox 928 445 1119 473; x_wconf 87' lang='lat' dir='ltr'><strong>cessitatibus.</strong></span> <span class='ocrx_word' id='word_1_165' title='bbox 1145 445 1212 473; x_wconf 88' lang='lat' dir='ltr'><strong>Cum</strong></span> <span class='ocrx_word' id='word_1_166' title='bbox 1232 446 1398 472; x_wconf 81' lang='lat' dir='ltr'><strong>rhetoricam</strong></span> <span class='ocrx_word' id='word_1_167' title='bbox 1424 444 1561 478; x_wconf 86' lang='lat' dir='ltr'><strong>conjicere</strong></span> <span class='ocrx_word' id='word_1_168' title='bbox 1593 443 1726 471; x_wconf 73' lang='lat' dir='ltr'><strong>miraris?</strong></span> 
     </span>
    </p>
   </div>
   <div class='ocr_carea' id='block_1_25' title="bbox 928 490 1725 526">
    <p class='ocr_par' dir='ltr' id='par_1_25' title="bbox 928 490 1725 526">
     <span class='ocr_line' id='line_1_25' title="bbox 928 490 1725 526; baseline -0.003 -7"><span class='ocrx_word' id='word_1_169' title='bbox 928 492 1031 519; x_wconf 88' lang='lat' dir='ltr'><strong>Eodem</strong></span> <span class='ocrx_word' id='word_1_170' title='bbox 1045 491 1117 518; x_wconf 92' lang='lat' dir='ltr'><strong>enim</strong></span> <span class='ocrx_word' id='word_1_171' title='bbox 1132 493 1211 519; x_wconf 89' lang='lat' dir='ltr'><strong>modo</strong></span> <span class='ocrx_word' id='word_1_172' title='bbox 1231 497 1313 526; x_wconf 78' lang='lat' dir='ltr'><strong>atque</strong></span> <span class='ocrx_word' id='word_1_173' title='bbox 1335 491 1467 518; x_wconf 77' lang='lat' dir='ltr'><strong>divinatio</strong></span> <span class='ocrx_word' id='word_1_174' title='bbox 1487 491 1597 518; x_wconf 87' lang='lat' dir='ltr'><strong>videtur</strong></span> <span class='ocrx_word' id='word_1_175' title='bbox 1624 497 1653 518; x_wconf 89' lang='lat' dir='ltr'><strong>se</strong></span> <span class='ocrx_word' id='word_1_176' title='bbox 1673 490 1725 517; x_wconf 85' lang='lat' dir='ltr'><strong>ha-</strong></span> 
     </span>
    </p>
   </div>
   <div class='ocr_carea' id='block_1_26' title="bbox 931 535 1723 572">
    <p class='ocr_par' dir='ltr' id='par_1_26' title="bbox 931 535 1723 572">
     <span class='ocr_line' id='line_1_26' title="bbox 931 535 1723 572; baseline -0.005 -7"><span class='ocrx_word' id='word_1_177' title='bbox 931 539 1003 570; x_wconf 88' lang='lat' dir='ltr'><strong>bere,</strong></span> <span class='ocrx_word' id='word_1_178' title='bbox 1030 537 1083 565; x_wconf 88' lang='lat' dir='ltr'><strong>nisi</strong></span> <span class='ocrx_word' id='word_1_179' title='bbox 1107 537 1180 572; x_wconf 87' lang='lat' dir='ltr'><strong>quod</strong></span> <span class='ocrx_word' id='word_1_180' title='bbox 1200 544 1261 564; x_wconf 93' lang='lat' dir='ltr'><strong>cum</strong></span> <span class='ocrx_word' id='word_1_181' title='bbox 1285 536 1418 564; x_wconf 86' lang='lat' dir='ltr'><strong>divinatio</strong></span> <span class='ocrx_word' id='word_1_182' title='bbox 1450 539 1511 571; x_wconf 87' lang='lat' dir='ltr'><strong>post</strong></span> <span class='ocrx_word' id='word_1_183' title='bbox 1533 535 1723 570; x_wconf 79' lang='lat' dir='ltr'><strong>conjecturam</strong></span> 
     </span>
    </p>
   </div>
   <div class='ocr_carea' id='block_1_27' title="bbox 930 581 1724 617">
    <p class='ocr_par' dir='ltr' id='par_1_27' title="bbox 930 581 1724 617">
     <span class='ocr_line' id='line_1_27' title="bbox 930 581 1724 617; baseline -0.005 -7"><span class='ocrx_word' id='word_1_184' title='bbox 930 584 1045 615; x_wconf 81' lang='lat' dir='ltr'><strong>desinat,</strong></span> <span class='ocrx_word' id='word_1_185' title='bbox 1073 583 1211 610; x_wconf 86' lang='lat' dir='ltr'><strong>rhetorica</strong></span> <span class='ocrx_word' id='word_1_186' title='bbox 1231 590 1284 610; x_wconf 93' lang='lat' dir='ltr'><strong>non</strong></span> <span class='ocrx_word' id='word_1_187' title='bbox 1301 587 1406 610; x_wconf 78' lang='lat' dir='ltr'><strong>tantum</strong></span> <span class='ocrx_word' id='word_1_188' title='bbox 1429 582 1552 617; x_wconf 85' lang='lat' dir='ltr'><strong>conjicit,</strong></span> <span class='ocrx_word' id='word_1_189' title='bbox 1569 581 1616 609; x_wconf 89' lang='lat' dir='ltr'><strong>sed</strong></span> <span class='ocrx_word' id='word_1_190' title='bbox 1636 585 1663 608; x_wconf 93' lang='lat' dir='ltr'><strong>et</strong></span> <span class='ocrx_word' id='word_1_191' title='bbox 1679 587 1724 612; x_wconf 81' lang='lat' dir='ltr'><strong>ea,</strong></span> 
     </span>
    </p>
   </div>
   <div class='ocr_carea' id='block_1_28' title="bbox 930 627 1725 664">
    <p class='ocr_par' dir='ltr' id='par_1_28' title="bbox 930 627 1725 664">
     <span class='ocr_line' id='line_1_28' title="bbox 930 627 1725 664; baseline -0.003 -8"><span class='ocrx_word' id='word_1_192' title='bbox 930 637 990 664; x_wconf 69' lang='lat' dir='ltr'><strong>quze</strong></span> <span class='ocrx_word' id='word_1_193' title='bbox 1007 629 1108 662; x_wconf 86' lang='lat' dir='ltr'><strong>optima</strong></span> <span class='ocrx_word' id='word_1_194' title='bbox 1123 630 1272 661; x_wconf 87' lang='lat' dir='ltr'><strong>censuerit,</strong></span> <span class='ocrx_word' id='word_1_195' title='bbox 1282 635 1329 663; x_wconf 88' lang='lat' dir='ltr'><strong>per</strong></span> <span class='ocrx_word' id='word_1_196' title='bbox 1345 629 1487 656; x_wconf 84' lang='lat' dir='ltr'><strong>ministros</strong></span> <span class='ocrx_word' id='word_1_197' title='bbox 1498 628 1616 663; x_wconf 81' lang='lat' dir='ltr'><strong>perlicit.</strong></span> <span class='ocrx_word' id='word_1_198' title='bbox 1629 627 1725 661; x_wconf 88' lang='lat' dir='ltr'><strong>Itaque</strong></span> 
     </span>
    </p>
   </div>
   <div class='ocr_carea' id='block_1_29' title="bbox 930 673 1723 709">
    <p class='ocr_par' dir='ltr' id='par_1_29' title="bbox 930 673 1723 709">
     <span class='ocr_line' id='line_1_29' title="bbox 930 673 1723 709; baseline -0.005 -7"><span class='ocrx_word' id='word_1_199' title='bbox 930 675 1106 702; x_wconf 84' lang='lat' dir='ltr'><strong>divinationis</strong></span> <span class='ocrx_word' id='word_1_200' title='bbox 1115 680 1231 709; x_wconf 81' lang='lat' dir='ltr'><strong>occupat</strong></span> <span class='ocrx_word' id='word_1_201' title='bbox 1243 675 1343 706; x_wconf 88' lang='lat' dir='ltr'><strong>locum.</strong></span> <span class='ocrx_word' id='word_1_202' title='bbox 1354 678 1382 701; x_wconf 91' lang='lat' dir='ltr'><strong>et</strong></span> <span class='ocrx_word' id='word_1_203' title='bbox 1401 675 1470 701; x_wconf 87' lang='lat' dir='ltr'><strong>artis</strong></span> <span class='ocrx_word' id='word_1_204' title='bbox 1485 673 1623 704; x_wconf 81' lang='lat' dir='ltr'><strong>militaris,</strong></span> <span class='ocrx_word' id='word_1_205' title='bbox 1642 680 1723 708; x_wconf 80' lang='lat' dir='ltr'><strong>quam</strong></span> 
     </span>
    </p>
   </div>
   <div class='ocr_carea' id='block_1_30' title="bbox 929 719 1724 756">
    <p class='ocr_par' dir='ltr' id='par_1_30' title="bbox 929 719 1724 756">
     <span class='ocr_line' id='line_1_30' title="bbox 929 719 1724 756; baseline -0.003 -9"><span class='ocrx_word' id='word_1_206' title='bbox 929 722 1040 756; x_wconf 81' lang='lat' dir='ltr'><strong>quidem</strong></span> <span class='ocrx_word' id='word_1_207' title='bbox 1054 721 1088 748; x_wconf 82' lang='lat' dir='ltr'><strong>ad</strong></span> <span class='ocrx_word' id='word_1_208' title='bbox 1102 721 1211 749; x_wconf 83' lang='lat' dir='ltr'><strong>civilem</strong></span> <span class='ocrx_word' id='word_1_209' title='bbox 1229 721 1374 748; x_wconf 81' lang='lat' dir='ltr'><strong>scientiam</strong></span> <span class='ocrx_word' id='word_1_210' title='bbox 1387 720 1526 754; x_wconf 85' lang='lat' dir='ltr'><strong>pertinere</strong></span> <span class='ocrx_word' id='word_1_211' title='bbox 1542 727 1594 746; x_wconf 93' lang='lat' dir='ltr'><strong>non</strong></span> <span class='ocrx_word' id='word_1_212' title='bbox 1615 719 1724 754; x_wconf 75' lang='lat' dir='ltr'><strong>negabit</strong></span> 
     </span>
    </p>
   </div>
   <div class='ocr_carea' id='block_1_31' title="bbox 930 766 1725 803">
    <p class='ocr_par' dir='ltr' id='par_1_31' title="bbox 930 766 1725 803">
     <span class='ocr_line' id='line_1_31' title="bbox 930 766 1725 803; baseline -0.004 -8"><span class='ocrx_word' id='word_1_213' title='bbox 930 768 1016 796; x_wconf 79' lang='lat' dir='ltr'><strong>Plato.</strong></span> <span class='ocrx_word' id='word_1_214' title='bbox 1033 768 1092 801; x_wconf 86' lang='lat' dir='ltr'><strong>Quo</strong></span> <span class='ocrx_word' id='word_1_215' title='bbox 1121 769 1204 803; x_wconf 78' lang='lat' dir='ltr'><strong>igitur</strong></span> <span class='ocrx_word' id='word_1_216' title='bbox 1220 768 1301 795; x_wconf 91' lang='lat' dir='ltr'><strong>modo</strong></span> <span class='ocrx_word' id='word_1_217' title='bbox 1322 767 1411 795; x_wconf 80' lang='lat' dir='ltr'><strong>civilis</strong></span> <span class='ocrx_word' id='word_1_218' title='bbox 1427 767 1547 794; x_wconf 71' lang='lat' dir='ltr'><strong>scientiae</strong></span> <span class='ocrx_word' id='word_1_219' title='bbox 1564 766 1650 801; x_wconf 86' lang='lat' dir='ltr'><strong>partis</strong></span> <span class='ocrx_word' id='word_1_220' title='bbox 1666 771 1725 792; x_wconf 81' lang='lat' dir='ltr'><strong>erat</strong></span> 
     </span>
    </p>
   </div>
   <div class='ocr_carea' id='block_1_32' title="bbox 930 811 1722 846">
    <p class='ocr_par' dir='ltr' id='par_1_32' title="bbox 930 811 1722 846">
     <span class='ocr_line' id='line_1_32' title="bbox 930 811 1722 846; baseline -0.004 -5"><span class='ocrx_word' id='word_1_221' title='bbox 930 815 1108 841; x_wconf 88' lang='lat' dir='ltr'><strong>simulacrum</strong></span> <span class='ocrx_word' id='word_1_222' title='bbox 1127 815 1275 846; x_wconf 83' lang='lat' dir='ltr'><strong>rhetorica,</strong></span> <span class='ocrx_word' id='word_1_223' title='bbox 1295 814 1318 841; x_wconf 90' lang='lat' dir='ltr'><strong>si</strong></span> <span class='ocrx_word' id='word_1_224' title='bbox 1334 821 1388 841; x_wconf 92' lang='lat' dir='ltr'><strong>non</strong></span> <span class='ocrx_word' id='word_1_225' title='bbox 1410 813 1483 840; x_wconf 82' lang='lat' dir='ltr'><strong>isto?</strong></span> <span class='ocrx_word' id='word_1_226' title='bbox 1508 813 1543 840; x_wconf 84' lang='lat' dir='ltr'><strong>At</strong></span> <span class='ocrx_word' id='word_1_227' title='bbox 1558 814 1594 840; x_wconf 85' lang='lat' dir='ltr'><strong>ita</strong></span> <span class='ocrx_word' id='word_1_228' title='bbox 1607 811 1722 839; x_wconf 82' lang='lat' dir='ltr'><strong>simula-</strong></span> 
     </span>
    </p>
   </div>
   <div class='ocr_carea' id='block_1_33' title="bbox 932 861 1161 888">
    <p class='ocr_par' dir='ltr' id='par_1_33' title="bbox 932 861 1161 888">
     <span class='ocr_line' id='line_1_33' title="bbox 932 861 1161 888; baseline 0 -1"><span class='ocrx_word' id='word_1_229' title='bbox 932 868 1010 887; x_wconf 89' lang='lat' dir='ltr'><strong>crum</strong></span> <span class='ocrx_word' id='word_1_230' title='bbox 1028 868 1080 887; x_wconf 90' lang='lat' dir='ltr'><strong>non</strong></span> <span class='ocrx_word' id='word_1_231' title='bbox 1098 861 1161 888; x_wconf 89' lang='lat' dir='ltr'><strong>erit.</strong></span> 
     </span>
    </p>
   </div>
   <div class='ocr_carea' id='block_1_34' title="bbox 79 904 1722 944">
    <p class='ocr_par' dir='ltr' id='par_1_34' title="bbox 79 904 1722 944">
     <span class='ocr_line' id='line_1_34' title="bbox 79 904 1722 944; baseline -0.001 -9"><span class='ocrx_word' id='word_1_232' title='bbox 79 910 142 936; x_wconf 82' lang='grc' dir='ltr'>ὅσον</span> <span class='ocrx_word' id='word_1_233' title='bbox 158 909 276 943; x_wconf 85' lang='grc' dir='ltr'>μαντικὴ</span> <span class='ocrx_word' id='word_1_234' title='bbox 291 907 523 944; x_wconf 80' lang='grc' dir='ltr'>μὲνάπήλλακται</span> <span class='ocrx_word' id='word_1_235' title='bbox 539 906 728 941; x_wconf 82' lang='grc' dir='ltr'>στοχασαμένη</span> <span class='ocrx_word' id='word_1_236' title='bbox 744 906 779 940; x_wconf 73' lang='grc'><strong>⁸⁸,</strong></span> <span class='ocrx_word' id='word_1_237' title='bbox 811 906 944 942; x_wconf 78' lang='grc' dir='ltr'>ῥητορικὴ</span> <span class='ocrx_word' id='word_1_238' title='bbox 979 907 1141 941; x_wconf 79' lang='grc' dir='ltr'><strong>στοχάζεται</strong></span> <span class='ocrx_word' id='word_1_239' title='bbox 1170 907 1252 941; x_wconf 87' lang='grc' dir='ltr'>μόνον</span> <span class='ocrx_word' id='word_1_240' title='bbox 1273 906 1330 933; x_wconf 83' lang='grc' dir='ltr'><strong>τῶν</strong></span> <span class='ocrx_word' id='word_1_241' title='bbox 1355 906 1540 942; x_wconf 81' lang='grc' dir='ltr'><strong>πραγμάτων,</strong></span> <span class='ocrx_word' id='word_1_242' title='bbox 1577 904 1646 932; x_wconf 74' lang='grc' dir='ltr'>ἀλλὰ</span> <span class='ocrx_word' id='word_1_243' title='bbox 1677 905 1722 933; x_wconf 75' lang='grc' dir='ltr'>καὶ</span> 
     </span>
    </p>
   </div>
   <div class='ocr_carea' id='block_1_35' title="bbox 79 950 1725 991">
    <p class='ocr_par' dir='ltr' id='par_1_35' title="bbox 79 950 1725 991">
     <span class='ocr_line' id='line_1_35' title="bbox 79 950 1725 991; baseline -0.002 -9"><span class='ocrx_word' id='word_1_244' title='bbox 79 956 196 991; x_wconf 78' lang='grc' dir='ltr'>πράττει</span> <span class='ocrx_word' id='word_1_245' title='bbox 210 955 253 981; x_wconf 73' lang='grc' dir='ltr'><strong>διὰ</strong></span> <span class='ocrx_word' id='word_1_246' title='bbox 267 954 321 981; x_wconf 81' lang='grc' dir='ltr'>τῶν</span> <span class='ocrx_word' id='word_1_247' title='bbox 337 953 481 989; x_wconf 78' lang='grc' dir='ltr'>ὑπηρετῶν</span> <span class='ocrx_word' id='word_1_248' title='bbox 491 953 560 980; x_wconf 74' lang='grc' dir='ltr'>ἄττα</span> <span class='ocrx_word' id='word_1_249' title='bbox 570 952 603 979; x_wconf 82' lang='grc' dir='ltr'><strong>ἃν</strong></span> <span class='ocrx_word' id='word_1_250' title='bbox 614 952 727 988; x_wconf 84' lang='grc' dir='ltr'><strong>εὑρίσκῃ</strong></span> <span class='ocrx_word' id='word_1_251' title='bbox 735 951 870 987; x_wconf 82' lang='grc' dir='ltr'>βέλτιστα.</span> <span class='ocrx_word' id='word_1_252' title='bbox 892 951 973 978; x_wconf 82' lang='grc' dir='ltr'>Ὥστε</span> <span class='ocrx_word' id='word_1_253' title='bbox 988 953 1036 979; x_wconf 76' lang='grc' dir='ltr'>καὶ</span> <span class='ocrx_word' id='word_1_254' title='bbox 1048 952 1093 979; x_wconf 71' lang='grc' dir='ltr'><strong>τὸν</strong></span> <span class='ocrx_word' id='word_1_255' title='bbox 1109 952 1159 987; x_wconf 83' lang='grc' dir='ltr'><strong>τῆς</strong></span> <span class='ocrx_word' id='word_1_256' title='bbox 1173 953 1307 988; x_wconf 82' lang='grc' dir='ltr'>μαντικῆς</span> <span class='ocrx_word' id='word_1_257' title='bbox 1325 953 1418 988; x_wconf 77' lang='grc' dir='ltr'>ἐπέχει</span> <span class='ocrx_word' id='word_1_258' title='bbox 1430 953 1508 987; x_wconf 83' lang='grc' dir='ltr'>λόγον</span> <span class='ocrx_word' id='word_1_259' title='bbox 1519 953 1566 978; x_wconf 77' lang='grc' dir='ltr'>καὶ</span> <span class='ocrx_word' id='word_1_260' title='bbox 1598 951 1643 978; x_wconf 81' lang='grc' dir='ltr'><strong>τὸν</strong></span> <span class='ocrx_word' id='word_1_261' title='bbox 1673 950 1725 985; x_wconf 78' lang='grc' dir='ltr'>τῆς</span> 
     </span>
    </p>
   </div>
   <div class='ocr_carea' id='block_1_36' title="bbox 79 998 1723 1036">
    <p class='ocr_par' dir='ltr' id='par_1_36' title="bbox 79 998 1723 1036">
     <span class='ocr_line' id='line_1_36' title="bbox 79 998 1723 1036; baseline -0.001 -8"><span class='ocrx_word' id='word_1_262' title='bbox 79 1002 278 1036; x_wconf 76' lang='grc' dir='ltr'>στρατηγικῆς,</span> <span class='ocrx_word' id='word_1_263' title='bbox 295 999 328 1034; x_wconf 79' lang='grc' dir='ltr'>ἢν</span> <span class='ocrx_word' id='word_1_264' title='bbox 340 999 423 1035; x_wconf 78' lang='grc' dir='ltr'>μηδὲν</span> <span class='ocrx_word' id='word_1_265' title='bbox 438 1000 589 1034; x_wconf 84' lang='grc' dir='ltr'>προσήκειν</span> <span class='ocrx_word' id='word_1_266' title='bbox 605 1000 639 1034; x_wconf 86' lang='grc' dir='ltr'><strong>τῇ</strong></span> <span class='ocrx_word' id='word_1_267' title='bbox 655 998 780 1034; x_wconf 84' lang='grc' dir='ltr'>πολιτικῇ</span> <span class='ocrx_word' id='word_1_268' title='bbox 798 999 911 1025; x_wconf 81' lang='grc' dir='ltr'>Πλάτων</span> <span class='ocrx_word' id='word_1_269' title='bbox 931 999 982 1025; x_wconf 80' lang='grc' dir='ltr'>οὐκ</span> <span class='ocrx_word' id='word_1_270' title='bbox 1015 1000 1084 1036; x_wconf 80' lang='grc' dir='ltr'>ἐρεῖ.</span> <span class='ocrx_word' id='word_1_271' title='bbox 1112 1000 1175 1032; x_wconf 84' lang='grc' dir='ltr'><strong>Πῶς</strong></span> <span class='ocrx_word' id='word_1_272' title='bbox 1208 999 1254 1026; x_wconf 79' lang='grc' dir='ltr'>οὖν</span> <span class='ocrx_word' id='word_1_273' title='bbox 1284 1000 1417 1035; x_wconf 73' lang='grc' dir='ltr'>ῥητορικὴ</span> <span class='ocrx_word' id='word_1_274' title='bbox 1455 999 1597 1034; x_wconf 82' lang='grc' dir='ltr'>πολιτικῆς</span> <span class='ocrx_word' id='word_1_275' title='bbox 1629 998 1723 1034; x_wconf 80' lang='grc' dir='ltr'>μορίου</span> 
     </span>
    </p>
   </div>
   <div class='ocr_carea' id='block_1_37' title="bbox 78 1044 1226 1082">
    <p class='ocr_par' dir='ltr' id='par_1_37' title="bbox 78 1044 1226 1082">
     <span class='ocr_line' id='line_1_37' title="bbox 78 1044 1226 1082; baseline -0.001 -8"><span class='ocrx_word' id='word_1_276' title='bbox 78 1046 199 1078; x_wconf 78' lang='grc' dir='ltr'>εἴδωλον,</span> <span class='ocrx_word' id='word_1_277' title='bbox 231 1047 255 1072; x_wconf 88' lang='grc' dir='ltr'><strong>εί</strong></span> <span class='ocrx_word' id='word_1_278' title='bbox 284 1047 322 1081; x_wconf 81' lang='grc' dir='ltr'>μὴ</span> <span class='ocrx_word' id='word_1_279' title='bbox 347 1045 453 1078; x_wconf 73' lang='grc' dir='ltr'>οὗτωςς</span> <span class='ocrx_word' id='word_1_280' title='bbox 474 1045 556 1072; x_wconf 78' lang='grc' dir='ltr'>Ἀλλὰ.</span> <span class='ocrx_word' id='word_1_281' title='bbox 572 1046 594 1062; x_wconf 79' lang='grc'><strong><em>⁶⁹</em></strong></span> <span class='ocrx_word' id='word_1_282' title='bbox 613 1045 667 1080; x_wconf 87' lang='grc' dir='ltr'>μὴν</span> <span class='ocrx_word' id='word_1_283' title='bbox 687 1044 759 1072; x_wconf 78' lang='grc' dir='ltr'>οὕτω</span> <span class='ocrx_word' id='word_1_284' title='bbox 778 1053 809 1078; x_wconf 85' lang='grc' dir='ltr'><strong>γε</strong></span> <span class='ocrx_word' id='word_1_285' title='bbox 821 1045 871 1071; x_wconf 82' lang='grc' dir='ltr'>οὐκ</span> <span class='ocrx_word' id='word_1_286' title='bbox 890 1044 955 1081; x_wconf 76' lang='grc'><strong>[674</strong></span> <span class='ocrx_word' id='word_1_287' title='bbox 966 1045 1014 1082; x_wconf 85' lang='grc' dir='ltr'><strong>Η.]</strong></span> <span class='ocrx_word' id='word_1_288' title='bbox 1035 1046 1146 1073; x_wconf 82' lang='grc' dir='ltr'>εἴδωλον</span> <span class='ocrx_word' id='word_1_289' title='bbox 1160 1044 1226 1074; x_wconf 78' lang='grc' dir='ltr'>εἷεν.</span> 
     </span>
    </p>
   </div>
   <div class='ocr_carea' id='block_1_38' title="bbox 116 1100 910 1140">
    <p class='ocr_par' dir='ltr' id='par_1_38' title="bbox 116 1100 910 1140">
     <span class='ocr_line' id='line_1_38' title="bbox 116 1100 910 1140; baseline -0.003 -10"><span class='ocrx_word' id='word_1_290' title='bbox 116 1103 198 1140; x_wconf 72' lang='grc' dir='ltr'>ῖΚατ’</span> <span class='ocrx_word' id='word_1_291' title='bbox 222 1103 364 1138; x_wconf 70' lang='grc' dir='ltr'>εἰρωνείαν</span> <span class='ocrx_word' id='word_1_292' title='bbox 376 1103 407 1129; x_wconf 84' lang='grc' dir='ltr'><strong>τὺ</strong></span> <span class='ocrx_word' id='word_1_293' title='bbox 431 1102 518 1140; x_wconf 78' lang='grc' dir='ltr'>οὕτως</span> <span class='ocrx_word' id='word_1_294' title='bbox 527 1102 551 1140; x_wconf 64' lang='grc' dir='ltr'><strong>’ξ’</strong></span> <span class='ocrx_word' id='word_1_295' title='bbox 566 1100 622 1140; x_wconf 71' lang='grc' dir='ltr'>οἷον</span> <span class='ocrx_word' id='word_1_296' title='bbox 647 1102 676 1140; x_wconf 67' lang='grc' dir='ltr'><strong>εί</strong></span> <span class='ocrx_word' id='word_1_297' title='bbox 695 1102 735 1140; x_wconf 78' lang='grc' dir='ltr'>μὴ</span> <span class='ocrx_word' id='word_1_298' title='bbox 752 1101 822 1140; x_wconf 75' lang='grc' dir='ltr'>κατὰ</span> <span class='ocrx_word' id='word_1_299' title='bbox 843 1102 874 1128; x_wconf 80' lang='grc' dir='ltr'>τὸ</span> <span class='ocrx_word' id='word_1_300' title='bbox 891 1107 910 1134; x_wconf 73' lang='grc' dir='ltr'><strong>Β</strong></span> 
     </span>
    </p>
   </div>
   <div class='ocr_carea' id='block_1_39' title="bbox 78 1137 872 1173">
    <p class='ocr_par' dir='ltr' id='par_1_39' title="bbox 78 1137 872 1173">
     <span class='ocr_line' id='line_1_39' title="bbox 78 1137 872 1173; baseline -0.003 -7"><span class='ocrx_word' id='word_1_301' title='bbox 78 1137 197 1166; x_wconf 61' lang='grc' dir='ltr'>ἑοικέναι</span> <span class='ocrx_word' id='word_1_302' title='bbox 213 1137 255 1173; x_wconf 69' lang='grc' dir='ltr'><strong>τῇ</strong></span> <span class='ocrx_word' id='word_1_303' title='bbox 270 1139 451 1172; x_wconf 62' lang='grc' dir='ltr'>στρατηγικῇ,</span> <span class='ocrx_word' id='word_1_304' title='bbox 468 1138 516 1164; x_wconf 76' lang='grc' dir='ltr'>καὶ</span> <span class='ocrx_word' id='word_1_305' title='bbox 538 1137 677 1173; x_wconf 20' lang='grc' dir='ltr'>λοιπδννὲξ</span> <span class='ocrx_word' id='word_1_306' title='bbox 693 1137 872 1173; x_wconf 69' lang='grc' dir='ltr'>ἐπικρίσεως,</span> 
     </span>
    </p>
   </div>
   <div class='ocr_carea' id='block_1_40' title="bbox 78 1169 785 1208">
    <p class='ocr_par' dir='ltr' id='par_1_40' title="bbox 78 1169 785 1208">
     <span class='ocr_line' id='line_1_40' title="bbox 78 1169 785 1208; baseline -0.006 -6"><span class='ocrx_word' id='word_1_307' title='bbox 78 1176 121 1202; x_wconf 80' lang='grc' dir='ltr'>ὅτι</span> <span class='ocrx_word' id='word_1_308' title='bbox 136 1174 198 1201; x_wconf 81' lang='grc' dir='ltr'>οὔτε</span> <span class='ocrx_word' id='word_1_309' title='bbox 211 1169 281 1201; x_wconf 67' lang='grc' dir='ltr'>κάξτά</span> <span class='ocrx_word' id='word_1_310' title='bbox 289 1169 371 1200; x_wconf 77' lang='grc' dir='ltr'>τοῦτο</span> <span class='ocrx_word' id='word_1_311' title='bbox 380 1169 482 1200; x_wconf 69' lang='grc' dir='ltr'>δύναιτ’</span> <span class='ocrx_word' id='word_1_312' title='bbox 494 1174 527 1200; x_wconf 79' lang='grc' dir='ltr'>ἂν</span> <span class='ocrx_word' id='word_1_313' title='bbox 537 1174 559 1188; x_wconf 74' lang='grc'>⁷⁸</span> <span class='ocrx_word' id='word_1_314' title='bbox 572 1172 680 1199; x_wconf 75' lang='grc' dir='ltr'>εἴδωλον</span> <span class='ocrx_word' id='word_1_315' title='bbox 693 1169 785 1208; x_wconf 53' lang='lat' dir='ltr'><strong>sivetu]</strong></span> 
     </span>
    </p>
   </div>
   <div class='ocr_carea' id='block_1_41' title="bbox 118 1228 874 1263">
    <p class='ocr_par' dir='ltr' id='par_1_41' title="bbox 118 1228 874 1263">
     <span class='ocr_line' id='line_1_41' title="bbox 118 1228 874 1263; baseline -0.004 -6"><span class='ocrx_word' id='word_1_316' title='bbox 118 1231 180 1257; x_wconf 85' lang='grc' dir='ltr'><strong>Ὀτι</strong></span> <span class='ocrx_word' id='word_1_317' title='bbox 194 1230 217 1246; x_wconf 85' lang='grc'><strong>⁷¹</strong></span> <span class='ocrx_word' id='word_1_318' title='bbox 231 1230 321 1256; x_wconf 84' lang='grc' dir='ltr'>τοίνυν</span> <span class='ocrx_word' id='word_1_319' title='bbox 337 1229 405 1260; x_wconf 81' lang='grc' dir='ltr'>’ὁλως</span> <span class='ocrx_word' id='word_1_320' title='bbox 415 1228 438 1244; x_wconf 87' lang='grc'>⁷³</span> <span class='ocrx_word' id='word_1_321' title='bbox 451 1228 510 1255; x_wconf 76' lang='grc' dir='ltr'>ἐστὶ</span> <span class='ocrx_word' id='word_1_322' title='bbox 535 1228 657 1263; x_wconf 84' lang='grc' dir='ltr'>σόφισμα</span> <span class='ocrx_word' id='word_1_323' title='bbox 669 1228 699 1255; x_wconf 68' lang='grc' dir='ltr'><strong>τὺ</strong></span> <span class='ocrx_word' id='word_1_324' title='bbox 710 1229 828 1262; x_wconf 82' lang='grc' dir='ltr'>φάσκειν</span> <span class='ocrx_word' id='word_1_325' title='bbox 839 1228 874 1255; x_wconf 81' lang='grc' dir='ltr'><strong>τὰ</strong></span> 
     </span>
    </p>
   </div>
   <div class='ocr_carea' id='block_1_42' title="bbox 77 1274 875 1310">
    <p class='ocr_par' dir='ltr' id='par_1_42' title="bbox 77 1274 875 1310">
     <span class='ocr_line' id='line_1_42' title="bbox 77 1274 875 1310; baseline -0.003 -7"><span class='ocrx_word' id='word_1_326' title='bbox 77 1276 209 1304; x_wconf 82' lang='grc' dir='ltr'>δοκοῦντα</span> <span class='ocrx_word' id='word_1_327' title='bbox 221 1277 278 1307; x_wconf 91' lang='grc' dir='ltr'>τοῖς</span> <span class='ocrx_word' id='word_1_328' title='bbox 295 1275 419 1310; x_wconf 82' lang='grc' dir='ltr'>πλήθεσι,</span> <span class='ocrx_word' id='word_1_329' title='bbox 438 1275 525 1301; x_wconf 80' lang='grc' dir='ltr'>ταῦτα</span> <span class='ocrx_word' id='word_1_330' title='bbox 540 1274 736 1309; x_wconf 69' lang='grc' dir='ltr'>συμϐουλεύειν</span> <span class='ocrx_word' id='word_1_331' title='bbox 747 1275 811 1306; x_wconf 80' lang='grc' dir='ltr'>τοὺς</span> <span class='ocrx_word' id='word_1_332' title='bbox 826 1276 875 1310; x_wconf 52' lang='lat' dir='ltr'><strong>pf].</strong></span> 
     </span>
    </p>
   </div>
   <div class='ocr_carea' id='block_1_43' title="bbox 78 1320 876 1357">
    <p class='ocr_par' dir='ltr' id='par_1_43' title="bbox 78 1320 876 1357">
     <span class='ocr_line' id='line_1_43' title="bbox 78 1320 876 1357; baseline -0.004 -8"><span class='ocrx_word' id='word_1_333' title='bbox 78 1331 163 1357; x_wconf 78' lang='grc' dir='ltr'>τορας</span> <span class='ocrx_word' id='word_1_334' title='bbox 177 1322 225 1349; x_wconf 75' lang='grc' dir='ltr'>καὶ</span> <span class='ocrx_word' id='word_1_335' title='bbox 239 1321 334 1348; x_wconf 74' lang='grc' dir='ltr'>τούτου</span> <span class='ocrx_word' id='word_1_336' title='bbox 351 1321 431 1355; x_wconf 76' lang='grc' dir='ltr'>μόνου</span> <span class='ocrx_word' id='word_1_337' title='bbox 443 1320 633 1355; x_wconf 77' lang='grc' dir='ltr'>στοχάζεσθαι,</span> <span class='ocrx_word' id='word_1_338' title='bbox 651 1322 675 1348; x_wconf 89' lang='grc' dir='ltr'><strong>εί</strong></span> <span class='ocrx_word' id='word_1_339' title='bbox 691 1322 739 1348; x_wconf 74' lang='grc' dir='ltr'>καὶ</span> <span class='ocrx_word' id='word_1_340' title='bbox 761 1320 797 1355; x_wconf 80' lang='grc' dir='ltr'>μὴ</span> <span class='ocrx_word' id='word_1_341' title='bbox 811 1322 876 1353; x_wconf 71' lang='grc' dir='ltr'>παῖς</span> 
     </span>
    </p>
   </div>
   <div class='ocr_carea' id='block_1_44' title="bbox 78 1363 875 1404">
    <p class='ocr_par' dir='ltr' id='par_1_44' title="bbox 78 1363 875 1404">
     <span class='ocr_line' id='line_1_44' title="bbox 78 1363 875 1404; baseline 0.001 -10"><span class='ocrx_word' id='word_1_342' title='bbox 78 1367 246 1401; x_wconf 76' lang='grc' dir='ltr'>ἐξελέγξειεν</span> <span class='ocrx_word' id='word_1_343' title='bbox 261 1366 295 1398; x_wconf 71' lang='grc'><strong>⁷⁵,</strong></span> <span class='ocrx_word' id='word_1_344' title='bbox 311 1365 368 1393; x_wconf 82' lang='grc' dir='ltr'>ἀλλ’</span> <span class='ocrx_word' id='word_1_345' title='bbox 390 1366 466 1398; x_wconf 87' lang='grc' dir='ltr'>ὅστις</span> <span class='ocrx_word' id='word_1_346' title='bbox 480 1366 505 1382; x_wconf 84' lang='grc'><strong>⁷³</strong></span> <span class='ocrx_word' id='word_1_347' title='bbox 516 1374 549 1400; x_wconf 90' lang='grc' dir='ltr'><strong>γε</strong></span> <span class='ocrx_word' id='word_1_348' title='bbox 561 1363 591 1393; x_wconf 85' lang='grc' dir='ltr'>εὖ</span> <span class='ocrx_word' id='word_1_349' title='bbox 610 1368 714 1403; x_wconf 86' lang='grc' dir='ltr'>φρονεῖ.</span> <span class='ocrx_word' id='word_1_350' title='bbox 734 1368 810 1403; x_wconf 78' lang='grc' dir='ltr'>Ἐμοὶ</span> <span class='ocrx_word' id='word_1_351' title='bbox 826 1368 875 1404; x_wconf 81' lang='grc' dir='ltr'>μὲν</span> 
     </span>
    </p>
   </div>
   <div class='ocr_carea' id='block_1_45' title="bbox 79 1412 875 1448">
    <p class='ocr_par' dir='ltr' id='par_1_45' title="bbox 79 1412 875 1448">
     <span class='ocr_line' id='line_1_45' title="bbox 79 1412 875 1448; baseline 0.001 -9"><span class='ocrx_word' id='word_1_352' title='bbox 79 1413 134 1448; x_wconf 74' lang='grc' dir='ltr'><strong>γὰρ</strong></span> <span class='ocrx_word' id='word_1_353' title='bbox 143 1413 297 1439; x_wconf 78' lang='grc' dir='ltr'>τούναντίον</span> <span class='ocrx_word' id='word_1_354' title='bbox 317 1413 371 1438; x_wconf 77' lang='grc' dir='ltr'>πᾶν</span> <span class='ocrx_word' id='word_1_355' title='bbox 396 1412 532 1446; x_wconf 77' lang='grc' dir='ltr'>φαίνεται,</span> <span class='ocrx_word' id='word_1_356' title='bbox 551 1413 620 1447; x_wconf 80' lang='grc' dir='ltr'>μήτε</span> <span class='ocrx_word' id='word_1_357' title='bbox 640 1414 671 1439; x_wconf 85' lang='grc' dir='ltr'>ὲν</span> <span class='ocrx_word' id='word_1_358' title='bbox 682 1414 713 1448; x_wconf 85' lang='grc' dir='ltr'><strong>τῇ</strong></span> <span class='ocrx_word' id='word_1_359' title='bbox 727 1414 777 1448; x_wconf 86' lang='grc' dir='ltr'><strong>τῆς</strong></span> <span class='ocrx_word' id='word_1_360' title='bbox 795 1415 875 1448; x_wconf 60' lang='lat' dir='ltr'><strong>pri-to-</strong></span> 
     </span>
    </p>
   </div>
   <div class='ocr_carea' id='block_1_46' title="bbox 80 1457 873 1495">
    <p class='ocr_par' dir='ltr' id='par_1_46' title="bbox 80 1457 873 1495">
     <span class='ocr_line' id='line_1_46' title="bbox 80 1457 873 1495; baseline 0.003 -11"><span class='ocrx_word' id='word_1_361' title='bbox 80 1459 164 1495; x_wconf 87' lang='grc' dir='ltr'>ρικῆς</span> <span class='ocrx_word' id='word_1_362' title='bbox 175 1459 257 1493; x_wconf 82' lang='grc' dir='ltr'>φύσει</span> <span class='ocrx_word' id='word_1_363' title='bbox 266 1459 357 1485; x_wconf 87' lang='grc' dir='ltr'>πλεῖον</span> <span class='ocrx_word' id='word_1_364' title='bbox 372 1457 441 1485; x_wconf 70' lang='grc' dir='ltr'>εἶναι</span> <span class='ocrx_word' id='word_1_365' title='bbox 464 1458 546 1493; x_wconf 79' lang='grc' dir='ltr'>μηδὲν</span> <span class='ocrx_word' id='word_1_366' title='bbox 559 1458 575 1494; x_wconf 80' lang='grc' dir='ltr'>ἢ</span> <span class='ocrx_word' id='word_1_367' title='bbox 589 1458 619 1485; x_wconf 84' lang='grc' dir='ltr'>τὸ</span> <span class='ocrx_word' id='word_1_368' title='bbox 637 1459 675 1494; x_wconf 85' lang='grc' dir='ltr'>μὴ</span> <span class='ocrx_word' id='word_1_369' title='bbox 690 1459 724 1486; x_wconf 77' lang='grc' dir='ltr'><strong>τὰ</strong></span> <span class='ocrx_word' id='word_1_370' title='bbox 743 1459 873 1486; x_wconf 76' lang='grc' dir='ltr'>δοκοῦντα</span> 
     </span>
    </p>
   </div>
   <div class='ocr_carea' id='block_1_47' title="bbox 77 1504 875 1540">
    <p class='ocr_par' dir='ltr' id='par_1_47' title="bbox 77 1504 875 1540">
     <span class='ocr_line' id='line_1_47' title="bbox 77 1504 875 1540; baseline 0.001 -9"><span class='ocrx_word' id='word_1_371' title='bbox 77 1506 134 1536; x_wconf 72' lang='grc' dir='ltr'>τοῖς</span> <span class='ocrx_word' id='word_1_372' title='bbox 151 1504 281 1539; x_wconf 80' lang='grc' dir='ltr'>πλήθεσιν</span> <span class='ocrx_word' id='word_1_373' title='bbox 296 1504 376 1536; x_wconf 78' lang='grc' dir='ltr'>εὐθὺς</span> <span class='ocrx_word' id='word_1_374' title='bbox 390 1505 412 1520; x_wconf 79' lang='grc'><strong>⁷⁸</strong></span> <span class='ocrx_word' id='word_1_375' title='bbox 424 1505 472 1540; x_wconf 81' lang='grc' dir='ltr'>ὲᾷν</span> <span class='ocrx_word' id='word_1_376' title='bbox 479 1504 616 1538; x_wconf 81' lang='grc' dir='ltr'>γίνεσθαι,</span> <span class='ocrx_word' id='word_1_377' title='bbox 629 1505 699 1539; x_wconf 83' lang='grc' dir='ltr'>μήτε</span> <span class='ocrx_word' id='word_1_378' title='bbox 712 1505 774 1536; x_wconf 77' lang='grc' dir='ltr'>τοὺ,</span> <span class='ocrx_word' id='word_1_379' title='bbox 787 1505 809 1521; x_wconf 91' lang='grc'><strong>⁷⁷</strong></span> <span class='ocrx_word' id='word_1_380' title='bbox 825 1506 875 1540; x_wconf 68' lang='grc' dir='ltr'><strong>ῥή-</strong></span> 
     </span>
    </p>
   </div>
   <div class='ocr_carea' id='block_1_48' title="bbox 77 1549 873 1584">
    <p class='ocr_par' dir='ltr' id='par_1_48' title="bbox 77 1549 873 1584">
     <span class='ocr_line' id='line_1_48' title="bbox 77 1549 873 1584; baseline 0 -8"><span class='ocrx_word' id='word_1_381' title='bbox 77 1558 162 1584; x_wconf 77' lang='grc' dir='ltr'>τορας</span> <span class='ocrx_word' id='word_1_382' title='bbox 176 1550 204 1580; x_wconf 76' lang='grc' dir='ltr'>ἐς</span> <span class='ocrx_word' id='word_1_383' title='bbox 218 1549 284 1576; x_wconf 77' lang='grc' dir='ltr'>ἄλλο</span> <span class='ocrx_word' id='word_1_384' title='bbox 305 1558 332 1576; x_wconf 91' lang='grc' dir='ltr'><strong>τι</strong></span> <span class='ocrx_word' id='word_1_385' title='bbox 360 1549 460 1584; x_wconf 85' lang='grc' dir='ltr'>μᾶλλον</span> <span class='ocrx_word' id='word_1_386' title='bbox 486 1550 600 1576; x_wconf 83' lang='grc' dir='ltr'>σκοπεῖν</span> <span class='ocrx_word' id='word_1_387' title='bbox 613 1549 637 1565; x_wconf 79' lang='grc'><strong>’⁸</strong></span> <span class='ocrx_word' id='word_1_388' title='bbox 652 1549 713 1583; x_wconf 78' lang='grc' dir='ltr'><strong>ἢτὰ</strong></span> <span class='ocrx_word' id='word_1_389' title='bbox 736 1549 873 1584; x_wconf 83' lang='grc' dir='ltr'>βέλτιστα,</span> 
     </span>
    </p>
   </div>
   <div class='ocr_carea' id='block_1_49' title="bbox 80 1594 875 1630">
    <p class='ocr_par' dir='ltr' id='par_1_49' title="bbox 80 1594 875 1630">
     <span class='ocr_line' id='line_1_49' title="bbox 80 1594 875 1630; baseline 0.001 -9"><span class='ocrx_word' id='word_1_390' title='bbox 80 1597 151 1630; x_wconf 84' lang='grc' dir='ltr'>μήτε</span> <span class='ocrx_word' id='word_1_391' title='bbox 163 1595 228 1627; x_wconf 77' lang='grc' dir='ltr'>τοὺς</span> <span class='ocrx_word' id='word_1_392' title='bbox 239 1595 345 1630; x_wconf 80' lang='grc' dir='ltr'>δήμους</span> <span class='ocrx_word' id='word_1_393' title='bbox 355 1595 456 1626; x_wconf 74' lang='grc' dir='ltr'>αὐτοὺς</span> <span class='ocrx_word' id='word_1_394' title='bbox 467 1594 547 1622; x_wconf 85' lang='grc' dir='ltr'>τυῦτύ</span> <span class='ocrx_word' id='word_1_395' title='bbox 572 1603 604 1628; x_wconf 87' lang='grc' dir='ltr'><strong>γε</strong></span> <span class='ocrx_word' id='word_1_396' title='bbox 619 1596 759 1629; x_wconf 73' lang='grc' dir='ltr'>ἐκφυγεῖν,</span> <span class='ocrx_word' id='word_1_397' title='bbox 772 1595 810 1626; x_wconf 85' lang='grc' dir='ltr'>ὼς</span> <span class='ocrx_word' id='word_1_398' title='bbox 825 1596 875 1622; x_wconf 71' lang='grc' dir='ltr'><strong>οὒκ</strong></span> 
     </span>
    </p>
   </div>
   <div class='ocr_carea' id='block_1_50' title="bbox 78 1639 875 1677">
    <p class='ocr_par' dir='ltr' id='par_1_50' title="bbox 78 1639 875 1677">
     <span class='ocr_line' id='line_1_50' title="bbox 78 1639 875 1677; baseline 0 -9"><span class='ocrx_word' id='word_1_399' title='bbox 78 1642 209 1677; x_wconf 80' lang='grc' dir='ltr'>ἀμείνους</span> <span class='ocrx_word' id='word_1_400' title='bbox 232 1641 307 1675; x_wconf 81' lang='grc' dir='ltr'>σφῶν</span> <span class='ocrx_word' id='word_1_401' title='bbox 333 1641 359 1668; x_wconf 89' lang='grc' dir='ltr'><strong>οί</strong></span> <span class='ocrx_word' id='word_1_402' title='bbox 388 1641 503 1675; x_wconf 82' lang='grc' dir='ltr'>ῥήτορες</span> <span class='ocrx_word' id='word_1_403' title='bbox 519 1639 681 1674; x_wconf 82' lang='grc' dir='ltr'>λογίσασθαι</span> <span class='ocrx_word' id='word_1_404' title='bbox 696 1641 719 1656; x_wconf 81' lang='grc'>⁷³</span> <span class='ocrx_word' id='word_1_405' title='bbox 743 1641 809 1676; x_wconf 66' lang='grc' dir='ltr'>περὶ</span> <span class='ocrx_word' id='word_1_406' title='bbox 820 1641 875 1668; x_wconf 77' lang='grc' dir='ltr'><strong>τῶν</strong></span> 
     </span>
    </p>
   </div>
   <div class='ocr_carea' id='block_1_51' title="bbox 78 1686 874 1723">
    <p class='ocr_par' dir='ltr' id='par_1_51' title="bbox 78 1686 874 1723">
     <span class='ocr_line' id='line_1_51' title="bbox 78 1686 874 1723; baseline -0.001 -9"><span class='ocrx_word' id='word_1_407' title='bbox 78 1688 253 1723; x_wconf 72' lang='grc' dir='ltr'>πραγμάτων</span> <span class='ocrx_word' id='word_1_408' title='bbox 265 1687 313 1713; x_wconf 81' lang='grc' dir='ltr'>καὶ</span> <span class='ocrx_word' id='word_1_409' title='bbox 331 1687 420 1713; x_wconf 80' lang='grc' dir='ltr'>πᾶσαν</span> <span class='ocrx_word' id='word_1_410' title='bbox 439 1686 507 1718; x_wconf 85' lang='grc' dir='ltr'>ὅλως</span> <span class='ocrx_word' id='word_1_411' title='bbox 524 1686 574 1720; x_wconf 81' lang='grc' dir='ltr'>τὴν</span> <span class='ocrx_word' id='word_1_412' title='bbox 584 1686 632 1713; x_wconf 85' lang='grc' dir='ltr'><strong>τοῦ</strong></span> <span class='ocrx_word' id='word_1_413' title='bbox 651 1686 709 1721; x_wconf 80' lang='grc' dir='ltr'>βίον</span> <span class='ocrx_word' id='word_1_414' title='bbox 725 1686 818 1721; x_wconf 81' lang='grc' dir='ltr'>σχέσιν</span> <span class='ocrx_word' id='word_1_415' title='bbox 829 1687 874 1713; x_wconf 67' lang='grc' dir='ltr'>καὶ</span> 
     </span>
    </p>
   </div>
   <div class='ocr_carea' id='block_1_52' title="bbox 78 1732 875 1770">
    <p class='ocr_par' dir='ltr' id='par_1_52' title="bbox 78 1732 875 1770">
     <span class='ocr_line' id='line_1_52' title="bbox 78 1732 875 1770; baseline 0 -10"><span class='ocrx_word' id='word_1_416' title='bbox 78 1733 128 1770; x_wconf 77' lang='grc' dir='ltr'>τὴν</span> <span class='ocrx_word' id='word_1_417' title='bbox 141 1733 239 1769; x_wconf 81' lang='grc' dir='ltr'>τύχην,</span> <span class='ocrx_word' id='word_1_418' title='bbox 252 1734 300 1760; x_wconf 84' lang='grc' dir='ltr'>’καὶ</span> <span class='ocrx_word' id='word_1_419' title='bbox 311 1733 390 1760; x_wconf 85' lang='grc' dir='ltr'>τοῦτο</span> <span class='ocrx_word' id='word_1_420' title='bbox 403 1733 433 1765; x_wconf 79' lang='grc' dir='ltr'>ἐξ</span> <span class='ocrx_word' id='word_1_421' title='bbox 443 1733 532 1759; x_wconf 77' lang='grc' dir='ltr'>αὐτῶν</span> <span class='ocrx_word' id='word_1_422' title='bbox 545 1732 599 1759; x_wconf 88' lang='grc' dir='ltr'>τῶν</span> <span class='ocrx_word' id='word_1_423' title='bbox 610 1733 699 1768; x_wconf 79' lang='grc' dir='ltr'>τιμῶν</span> <span class='ocrx_word' id='word_1_424' title='bbox 710 1732 779 1760; x_wconf 77' lang='grc' dir='ltr'>εἶναι</span> <span class='ocrx_word' id='word_1_425' title='bbox 794 1733 875 1767; x_wconf 85' lang='grc' dir='ltr'>δῆλον</span> 
     </span>
    </p>
   </div>
   <div class='ocr_carea' id='block_1_53' title="bbox 961 1101 1722 1138">
    <p class='ocr_par' dir='ltr' id='par_1_53' title="bbox 961 1101 1722 1138">
     <span class='ocr_line' id='line_1_53' title="bbox 961 1101 1722 1138; baseline 0.004 -9"><span class='ocrx_word' id='word_1_426' title='bbox 961 1101 1030 1138; x_wconf 85' lang='lat' dir='ltr'><strong>[Hoc</strong></span> <span class='ocrx_word' id='word_1_427' title='bbox 1041 1111 1089 1138; x_wconf 89' lang='lat' dir='ltr'><strong>per</strong></span> <span class='ocrx_word' id='word_1_428' title='bbox 1103 1103 1229 1136; x_wconf 78' lang='lat' dir='ltr'><strong>ironiam,</strong></span> <span class='ocrx_word' id='word_1_429' title='bbox 1245 1103 1298 1130; x_wconf 88' lang='lat' dir='ltr'><strong>nisi</strong></span> <span class='ocrx_word' id='word_1_430' title='bbox 1322 1107 1459 1138; x_wconf 81' lang='lat' dir='ltr'><strong>quatenus</strong></span> <span class='ocrx_word' id='word_1_431' title='bbox 1483 1103 1582 1130; x_wconf 87' lang='lat' dir='ltr'><strong>similis</strong></span> <span class='ocrx_word' id='word_1_432' title='bbox 1609 1107 1649 1130; x_wconf 87' lang='lat' dir='ltr'><strong>est</strong></span> <span class='ocrx_word' id='word_1_433' title='bbox 1668 1105 1722 1132; x_wconf 90' lang='lat' dir='ltr'><strong>arti</strong></span> 
     </span>
    </p>
   </div>
   <div class='ocr_carea' id='block_1_54' title="bbox 931 1138 1723 1173">
    <p class='ocr_par' dir='ltr' id='par_1_54' title="bbox 931 1138 1723 1173">
     <span class='ocr_line' id='line_1_54' title="bbox 931 1138 1723 1173; baseline 0.001 -9"><span class='ocrx_word' id='word_1_434' title='bbox 931 1139 1053 1169; x_wconf 82' lang='lat' dir='ltr'><strong>militari,</strong></span> <span class='ocrx_word' id='word_1_435' title='bbox 1071 1143 1099 1165; x_wconf 87' lang='lat' dir='ltr'><strong>et</strong></span> <span class='ocrx_word' id='word_1_436' title='bbox 1119 1139 1233 1173; x_wconf 87' lang='lat' dir='ltr'><strong>reliqua,</strong></span> <span class='ocrx_word' id='word_1_437' title='bbox 1249 1146 1282 1165; x_wconf 81' lang='lat' dir='ltr'><strong>ex</strong></span> <span class='ocrx_word' id='word_1_438' title='bbox 1302 1139 1478 1167; x_wconf 83' lang='lat' dir='ltr'><strong>discretione.</strong></span> <span class='ocrx_word' id='word_1_439' title='bbox 1494 1138 1557 1172; x_wconf 81' lang='lat' dir='ltr'><strong>quia</strong></span> <span class='ocrx_word' id='word_1_440' title='bbox 1575 1146 1663 1173; x_wconf 88' lang='lat' dir='ltr'><strong>neque</strong></span> <span class='ocrx_word' id='word_1_441' title='bbox 1679 1146 1723 1165; x_wconf 85' lang='lat' dir='ltr'><strong>se-</strong></span> 
     </span>
    </p>
   </div>
   <div class='ocr_carea' id='block_1_55' title="bbox 929 1173 1514 1209">
    <p class='ocr_par' dir='ltr' id='par_1_55' title="bbox 929 1173 1514 1209">
     <span class='ocr_line' id='line_1_55' title="bbox 929 1173 1514 1209; baseline 0.003 -10"><span class='ocrx_word' id='word_1_442' title='bbox 929 1174 1047 1200; x_wconf 90' lang='lat' dir='ltr'><strong>cundum</strong></span> <span class='ocrx_word' id='word_1_443' title='bbox 1059 1173 1108 1201; x_wconf 88' lang='lat' dir='ltr'><strong>bos</strong></span> <span class='ocrx_word' id='word_1_444' title='bbox 1125 1179 1217 1208; x_wconf 85' lang='lat' dir='ltr'><strong>posset</strong></span> <span class='ocrx_word' id='word_1_445' title='bbox 1235 1173 1413 1201; x_wconf 84' lang='lat' dir='ltr'><strong>simulacrum</strong></span> <span class='ocrx_word' id='word_1_446' title='bbox 1429 1173 1514 1209; x_wconf 86' lang='lat' dir='ltr'><strong>esse.]</strong></span> 
     </span>
    </p>
   </div>
   <div class='ocr_carea' id='block_1_56' title="bbox 963 1229 1720 1266">
    <p class='ocr_par' dir='ltr' id='par_1_56' title="bbox 963 1229 1720 1266">
     <span class='ocr_line' id='line_1_56' title="bbox 963 1229 1720 1266; baseline 0 -8"><span class='ocrx_word' id='word_1_447' title='bbox 963 1229 1022 1258; x_wconf 78' lang='lat' dir='ltr'><strong>Jam</strong></span> <span class='ocrx_word' id='word_1_448' title='bbox 1033 1232 1104 1265; x_wconf 87' lang='lat' dir='ltr'><strong>quod</strong></span> <span class='ocrx_word' id='word_1_449' title='bbox 1118 1231 1166 1264; x_wconf 84' lang='lat' dir='ltr'><strong>ait,</strong></span> <span class='ocrx_word' id='word_1_450' title='bbox 1189 1235 1315 1259; x_wconf 82' lang='lat' dir='ltr'><strong>oratores</strong></span> <span class='ocrx_word' id='word_1_451' title='bbox 1332 1238 1364 1259; x_wconf 87' lang='lat' dir='ltr'><strong>ea</strong></span> <span class='ocrx_word' id='word_1_452' title='bbox 1380 1238 1440 1266; x_wconf 63' lang='lat' dir='ltr'><strong>quae</strong></span> <span class='ocrx_word' id='word_1_453' title='bbox 1457 1231 1557 1266; x_wconf 88' lang='lat' dir='ltr'><strong>populo</strong></span> <span class='ocrx_word' id='word_1_454' title='bbox 1579 1233 1720 1266; x_wconf 81' lang='lat' dir='ltr'><strong>placeant,</strong></span> 
     </span>
    </p>
   </div>
   <div class='ocr_carea' id='block_1_57' title="bbox 929 1277 1722 1312">
    <p class='ocr_par' dir='ltr' id='par_1_57' title="bbox 929 1277 1722 1312">
     <span class='ocr_line' id='line_1_57' title="bbox 929 1277 1722 1312; baseline 0.001 -10"><span class='ocrx_word' id='word_1_455' title='bbox 929 1277 1057 1308; x_wconf 76' lang='lat' dir='ltr'><strong>suadere,</strong></span> <span class='ocrx_word' id='word_1_456' title='bbox 1075 1282 1157 1312; x_wconf 89' lang='lat' dir='ltr'><strong>atque</strong></span> <span class='ocrx_word' id='word_1_457' title='bbox 1172 1277 1198 1304; x_wconf 92' lang='lat' dir='ltr'><strong>id</strong></span> <span class='ocrx_word' id='word_1_458' title='bbox 1216 1277 1305 1305; x_wconf 89' lang='lat' dir='ltr'><strong>solum</strong></span> <span class='ocrx_word' id='word_1_459' title='bbox 1329 1282 1465 1312; x_wconf 80' lang='lat' dir='ltr'><strong>spectare,</strong></span> <span class='ocrx_word' id='word_1_460' title='bbox 1487 1278 1513 1304; x_wconf 89' lang='lat' dir='ltr'><strong>id</strong></span> <span class='ocrx_word' id='word_1_461' title='bbox 1532 1277 1644 1304; x_wconf 90' lang='lat' dir='ltr'><strong>omnino</strong></span> <span class='ocrx_word' id='word_1_462' title='bbox 1675 1284 1722 1304; x_wconf 87' lang='lat' dir='ltr'><strong>so-</strong></span> 
     </span>
    </p>
   </div>
   <div class='ocr_carea' id='block_1_58' title="bbox 929 1320 1723 1356">
    <p class='ocr_par' dir='ltr' id='par_1_58' title="bbox 929 1320 1723 1356">
     <span class='ocr_line' id='line_1_58' title="bbox 929 1320 1723 1356; baseline 0.001 -8"><span class='ocrx_word' id='word_1_463' title='bbox 929 1320 1076 1355; x_wconf 73' lang='lat' dir='ltr'><strong>phisticam</strong></span> <span class='ocrx_word' id='word_1_464' title='bbox 1088 1329 1160 1353; x_wconf 82' lang='lat' dir='ltr'><strong>esse.</strong></span> <span class='ocrx_word' id='word_1_465' title='bbox 1172 1322 1193 1349; x_wconf 91' lang='lat' dir='ltr'><strong>si</strong></span> <span class='ocrx_word' id='word_1_466' title='bbox 1208 1329 1263 1350; x_wconf 80' lang='lat' dir='ltr'><strong>non</strong></span> <span class='ocrx_word' id='word_1_467' title='bbox 1280 1329 1358 1356; x_wconf 88' lang='lat' dir='ltr'><strong>puer,</strong></span> <span class='ocrx_word' id='word_1_468' title='bbox 1366 1322 1408 1349; x_wconf 84' lang='lat' dir='ltr'><strong>vir</strong></span> <span class='ocrx_word' id='word_1_469' title='bbox 1417 1327 1492 1349; x_wconf 88' lang='lat' dir='ltr'><strong>certe</strong></span> <span class='ocrx_word' id='word_1_470' title='bbox 1504 1322 1623 1356; x_wconf 83' lang='lat' dir='ltr'><strong>prudens</strong></span> <span class='ocrx_word' id='word_1_471' title='bbox 1632 1326 1723 1349; x_wconf 77' lang='lat' dir='ltr'><strong>osten-</strong></span> 
     </span>
    </p>
   </div>
   <div class='ocr_carea' id='block_1_59' title="bbox 930 1365 1723 1402">
    <p class='ocr_par' dir='ltr' id='par_1_59' title="bbox 930 1365 1723 1402">
     <span class='ocr_line' id='line_1_59' title="bbox 930 1365 1723 1402; baseline 0.001 -9"><span class='ocrx_word' id='word_1_472' title='bbox 930 1366 1010 1394; x_wconf 86' lang='lat' dir='ltr'><strong>derit.</strong></span> <span class='ocrx_word' id='word_1_473' title='bbox 1024 1365 1091 1393; x_wconf 83' lang='lat' dir='ltr'><strong>Nam</strong></span> <span class='ocrx_word' id='word_1_474' title='bbox 1116 1367 1182 1394; x_wconf 77' lang='lat' dir='ltr'><strong>milii</strong></span> <span class='ocrx_word' id='word_1_475' title='bbox 1198 1367 1310 1402; x_wconf 82' lang='lat' dir='ltr'><strong>quidem</strong></span> <span class='ocrx_word' id='word_1_476' title='bbox 1339 1372 1436 1394; x_wconf 81' lang='lat' dir='ltr'><strong>contra</strong></span> <span class='ocrx_word' id='word_1_477' title='bbox 1456 1367 1577 1399; x_wconf 90' lang='lat' dir='ltr'><strong>videtur.</strong></span> <span class='ocrx_word' id='word_1_478' title='bbox 1593 1374 1643 1395; x_wconf 87' lang='lat' dir='ltr'><strong>nec</strong></span> <span class='ocrx_word' id='word_1_479' title='bbox 1658 1369 1723 1395; x_wconf 88' lang='lat' dir='ltr'><strong>rhe-</strong></span> 
     </span>
    </p>
   </div>
   <div class='ocr_carea' id='block_1_60' title="bbox 931 1412 1725 1448">
    <p class='ocr_par' dir='ltr' id='par_1_60' title="bbox 931 1412 1725 1448">
     <span class='ocr_line' id='line_1_60' title="bbox 931 1412 1725 1448; baseline 0.001 -9"><span class='ocrx_word' id='word_1_480' title='bbox 931 1412 1043 1439; x_wconf 88' lang='lat' dir='ltr'><strong>toricam</strong></span> <span class='ocrx_word' id='word_1_481' title='bbox 1064 1412 1212 1447; x_wconf 82' lang='lat' dir='ltr'><strong>quidquam</strong></span> <span class='ocrx_word' id='word_1_482' title='bbox 1229 1413 1331 1440; x_wconf 82' lang='lat' dir='ltr'><strong>habere</strong></span> <span class='ocrx_word' id='word_1_483' title='bbox 1342 1413 1427 1448; x_wconf 75' lang='lat' dir='ltr'><strong>magis</strong></span> <span class='ocrx_word' id='word_1_484' title='bbox 1436 1413 1586 1448; x_wconf 91' lang='lat' dir='ltr'><strong>proprium,</strong></span> <span class='ocrx_word' id='word_1_485' title='bbox 1604 1421 1684 1448; x_wconf 89' lang='lat' dir='ltr'><strong>quam</strong></span> <span class='ocrx_word' id='word_1_486' title='bbox 1695 1417 1725 1440; x_wconf 92' lang='lat' dir='ltr'><strong>ut</strong></span> 
     </span>
    </p>
   </div>
   <div class='ocr_carea' id='block_1_61' title="bbox 929 1459 1723 1494">
    <p class='ocr_par' dir='ltr' id='par_1_61' title="bbox 929 1459 1723 1494">
     <span class='ocr_line' id='line_1_61' title="bbox 929 1459 1723 1494; baseline 0.003 -9"><span class='ocrx_word' id='word_1_487' title='bbox 929 1465 972 1491; x_wconf 88' lang='lat' dir='ltr'><strong>ea,</strong></span> <span class='ocrx_word' id='word_1_488' title='bbox 987 1465 1047 1492; x_wconf 73' lang='lat' dir='ltr'><strong>qua:</strong></span> <span class='ocrx_word' id='word_1_489' title='bbox 1058 1459 1156 1493; x_wconf 89' lang='lat' dir='ltr'><strong>populo</strong></span> <span class='ocrx_word' id='word_1_490' title='bbox 1166 1459 1304 1493; x_wconf 88' lang='lat' dir='ltr'><strong>videnlur,</strong></span> <span class='ocrx_word' id='word_1_491' title='bbox 1319 1467 1371 1486; x_wconf 92' lang='lat' dir='ltr'><strong>non</strong></span> <span class='ocrx_word' id='word_1_492' title='bbox 1385 1464 1477 1486; x_wconf 77' lang='lat' dir='ltr'><strong>statim</strong></span> <span class='ocrx_word' id='word_1_493' title='bbox 1495 1460 1552 1487; x_wconf 78' lang='lat' dir='ltr'><strong>ﬁeri</strong></span> <span class='ocrx_word' id='word_1_494' title='bbox 1570 1460 1723 1494; x_wconf 83' lang='lat' dir='ltr'><strong>permittat.</strong></span> 
     </span>
    </p>
   </div>
   <div class='ocr_carea' id='block_1_62' title="bbox 930 1505 1720 1540">
    <p class='ocr_par' dir='ltr' id='par_1_62' title="bbox 930 1505 1720 1540">
     <span class='ocr_line' id='line_1_62' title="bbox 930 1505 1720 1540; baseline 0.004 -10"><span class='ocrx_word' id='word_1_495' title='bbox 930 1510 980 1530; x_wconf 90' lang='lat' dir='ltr'><strong>nec</strong></span> <span class='ocrx_word' id='word_1_496' title='bbox 990 1505 1273 1539; x_wconf 83' lang='lat' dir='ltr'><strong>oratoresquidquam</strong></span> <span class='ocrx_word' id='word_1_497' title='bbox 1283 1507 1383 1540; x_wconf 85' lang='lat' dir='ltr'><strong>potius,</strong></span> <span class='ocrx_word' id='word_1_498' title='bbox 1394 1513 1474 1540; x_wconf 82' lang='lat' dir='ltr'><strong>quam</strong></span> <span class='ocrx_word' id='word_1_499' title='bbox 1487 1506 1590 1540; x_wconf 84' lang='lat' dir='ltr'><strong>optima</strong></span> <span class='ocrx_word' id='word_1_500' title='bbox 1605 1513 1720 1540; x_wconf 68' lang='lat' dir='ltr'><strong>quaeque</strong></span> 
     </span>
    </p>
   </div>
   <div class='ocr_carea' id='block_1_63' title="bbox 928 1549 1722 1588">
    <p class='ocr_par' dir='ltr' id='par_1_63' title="bbox 928 1549 1722 1588">
     <span class='ocr_line' id='line_1_63' title="bbox 928 1549 1722 1588; baseline 0.004 -11"><span class='ocrx_word' id='word_1_501' title='bbox 928 1549 1028 1586; x_wconf 61' lang='lat' dir='ltr'><strong>414a</strong></span> <span class='ocrx_word' id='word_1_502' title='bbox 1043 1555 1178 1585; x_wconf 86' lang='lat' dir='ltr'><strong>spectare,</strong></span> <span class='ocrx_word' id='word_1_503' title='bbox 1197 1559 1248 1579; x_wconf 88' lang='lat' dir='ltr'><strong>nec</strong></span> <span class='ocrx_word' id='word_1_504' title='bbox 1268 1552 1310 1579; x_wconf 87' lang='lat' dir='ltr'><strong>vel</strong></span> <span class='ocrx_word' id='word_1_505' title='bbox 1326 1553 1382 1587; x_wconf 84' lang='lat' dir='ltr'><strong>ipse</strong></span> <span class='ocrx_word' id='word_1_506' title='bbox 1397 1553 1511 1587; x_wconf 90' lang='lat' dir='ltr'><strong>populus</strong></span> <span class='ocrx_word' id='word_1_507' title='bbox 1522 1552 1640 1586; x_wconf 77' lang='lat' dir='ltr'><strong>dilﬁlcri,</strong></span> <span class='ocrx_word' id='word_1_508' title='bbox 1656 1553 1722 1588; x_wconf 85' lang='lat' dir='ltr'><strong>quin</strong></span> 
     </span>
    </p>
   </div>
   <div class='ocr_carea' id='block_1_64' title="bbox 929 1596 1717 1630">
    <p class='ocr_par' dir='ltr' id='par_1_64' title="bbox 929 1596 1717 1630">
     <span class='ocr_line' id='line_1_64' title="bbox 929 1596 1717 1630; baseline 0.006 -8"><span class='ocrx_word' id='word_1_509' title='bbox 929 1596 955 1622; x_wconf 93' lang='lat' dir='ltr'><strong>in</strong></span> <span class='ocrx_word' id='word_1_510' title='bbox 971 1597 1052 1623; x_wconf 83' lang='lat' dir='ltr'><strong>rebus</strong></span> <span class='ocrx_word' id='word_1_511' title='bbox 1068 1596 1286 1630; x_wconf 74' lang='lat' dir='ltr'><strong>considerandis,</strong></span> <span class='ocrx_word' id='word_1_512' title='bbox 1300 1605 1331 1625; x_wconf 86' lang='lat' dir='ltr'><strong>ac</strong></span> <span class='ocrx_word' id='word_1_513' title='bbox 1348 1602 1405 1625; x_wconf 91' lang='lat' dir='ltr'><strong>toto</strong></span> <span class='ocrx_word' id='word_1_514' title='bbox 1418 1599 1481 1626; x_wconf 74' lang='lat' dir='ltr'><strong>vitae</strong></span> <span class='ocrx_word' id='word_1_515' title='bbox 1497 1599 1589 1626; x_wconf 84' lang='lat' dir='ltr'><strong>habitu</strong></span> <span class='ocrx_word' id='word_1_516' title='bbox 1605 1603 1632 1626; x_wconf 85' lang='lat' dir='ltr'><strong>et</strong></span> <span class='ocrx_word' id='word_1_517' title='bbox 1650 1607 1717 1627; x_wconf 89' lang='lat' dir='ltr'><strong>con-</strong></span> 
     </span>
    </p>
   </div>
   <div class='ocr_carea' id='block_1_65' title="bbox 928 1641 1721 1679">
    <p class='ocr_par' dir='ltr' id='par_1_65' title="bbox 928 1641 1721 1679">
     <span class='ocr_line' id='line_1_65' title="bbox 928 1641 1721 1679; baseline 0.004 -11"><span class='ocrx_word' id='word_1_518' title='bbox 928 1641 1043 1676; x_wconf 90' lang='lat' dir='ltr'><strong>ditione,</strong></span> <span class='ocrx_word' id='word_1_519' title='bbox 1061 1647 1192 1677; x_wconf 65' lang='lat' dir='ltr'><strong>praestent</strong></span> <span class='ocrx_word' id='word_1_520' title='bbox 1203 1643 1252 1677; x_wconf 89' lang='lat' dir='ltr'><strong>ipsi</strong></span> <span class='ocrx_word' id='word_1_521' title='bbox 1271 1648 1406 1676; x_wconf 82' lang='lat' dir='ltr'><strong>oratores,</strong></span> <span class='ocrx_word' id='word_1_522' title='bbox 1418 1644 1499 1679; x_wconf 84' lang='lat' dir='ltr'><strong>idque</strong></span> <span class='ocrx_word' id='word_1_523' title='bbox 1510 1652 1544 1671; x_wconf 80' lang='lat' dir='ltr'><strong>ex</strong></span> <span class='ocrx_word' id='word_1_524' title='bbox 1561 1645 1721 1677; x_wconf 86' lang='lat' dir='ltr'><strong>honoribus,</strong></span> 
     </span>
    </p>
   </div>
   <div class='ocr_carea' id='block_1_66' title="bbox 928 1689 1723 1726">
    <p class='ocr_par' dir='ltr' id='par_1_66' title="bbox 928 1689 1723 1726">
     <span class='ocr_line' id='line_1_66' title="bbox 928 1689 1723 1726; baseline 0.004 -11"><span class='ocrx_word' id='word_1_525' title='bbox 928 1696 996 1722; x_wconf 89' lang='lat' dir='ltr'><strong>quos</strong></span> <span class='ocrx_word' id='word_1_526' title='bbox 1010 1689 1051 1716; x_wconf 86' lang='lat' dir='ltr'><strong>eis</strong></span> <span class='ocrx_word' id='word_1_527' title='bbox 1066 1689 1169 1722; x_wconf 88' lang='lat' dir='ltr'><strong>tribuit,</strong></span> <span class='ocrx_word' id='word_1_528' title='bbox 1192 1689 1366 1717; x_wconf 78' lang='lat' dir='ltr'><strong>manifestum</strong></span> <span class='ocrx_word' id='word_1_529' title='bbox 1400 1691 1457 1718; x_wconf 86' lang='lat' dir='ltr'><strong>lieri</strong></span> <span class='ocrx_word' id='word_1_530' title='bbox 1481 1691 1588 1726; x_wconf 81' lang='lat' dir='ltr'><strong>objicit.</strong></span> <span class='ocrx_word' id='word_1_531' title='bbox 1609 1691 1657 1718; x_wconf 90' lang='lat' dir='ltr'><strong>Sin</strong></span> <span class='ocrx_word' id='word_1_532' title='bbox 1675 1698 1723 1718; x_wconf 82' lang='lat' dir='ltr'><strong>eos</strong></span> 
     </span>
    </p>
   </div>
   <div class='ocr_carea' id='block_1_67' title="bbox 929 1734 1719 1772">
    <p class='ocr_par' dir='ltr' id='par_1_67' title="bbox 929 1734 1719 1772">
     <span class='ocr_line' id='line_1_67' title="bbox 929 1734 1719 1772; baseline 0.004 -11"><span class='ocrx_word' id='word_1_533' title='bbox 929 1734 1027 1769; x_wconf 91' lang='lat' dir='ltr'><strong>populo</strong></span> <span class='ocrx_word' id='word_1_534' title='bbox 1038 1735 1107 1762; x_wconf 85' lang='lat' dir='ltr'><strong>dicis</strong></span> <span class='ocrx_word' id='word_1_535' title='bbox 1122 1736 1233 1768; x_wconf 87' lang='lat' dir='ltr'><strong>cedere,</strong></span> <span class='ocrx_word' id='word_1_536' title='bbox 1247 1740 1274 1763; x_wconf 92' lang='lat' dir='ltr'><strong>et</strong></span> <span class='ocrx_word' id='word_1_537' title='bbox 1289 1736 1381 1764; x_wconf 77' lang='lat' dir='ltr'><strong>facere</strong></span> <span class='ocrx_word' id='word_1_538' title='bbox 1399 1737 1533 1772; x_wconf 84' lang='lat' dir='ltr'><strong>imperata</strong></span> <span class='ocrx_word' id='word_1_539' title='bbox 1555 1745 1608 1765; x_wconf 89' lang='lat' dir='ltr'><strong>non</strong></span> <span class='ocrx_word' id='word_1_540' title='bbox 1631 1738 1719 1771; x_wconf 87' lang='lat' dir='ltr'><strong>impe-</strong></span> 
     </span>
    </p>
   </div>
   <div class='ocr_carea' id='block_1_68' title="bbox 79 1776 876 1819">
    <p class='ocr_par' dir='ltr' id='par_1_68' title="bbox 79 1776 875 1815">
     <span class='ocr_line' id='line_1_68' title="bbox 79 1776 875 1815; baseline 0.001 -9"><span class='ocrx_word' id='word_1_541' title='bbox 79 1776 117 1807; x_wconf 77' lang='grc' dir='ltr'><strong>ὣν</strong></span> <span class='ocrx_word' id='word_1_542' title='bbox 133 1780 228 1812; x_wconf 82' lang='grc' dir='ltr'>αὐτοῖς</span> <span class='ocrx_word' id='word_1_543' title='bbox 240 1780 434 1815; x_wconf 78' lang='grc' dir='ltr'>ἀπονέμουσιν.</span> <span class='ocrx_word' id='word_1_544' title='bbox 449 1780 481 1806; x_wconf 77' lang='lat' dir='ltr'><strong>Et</strong></span> <span class='ocrx_word' id='word_1_545' title='bbox 496 1779 524 1806; x_wconf 83' lang='grc' dir='ltr'>δὲ</span> <span class='ocrx_word' id='word_1_546' title='bbox 538 1780 561 1796; x_wconf 79' lang='grc'><strong>⁸⁰</strong></span> <span class='ocrx_word' id='word_1_547' title='bbox 574 1779 675 1811; x_wconf 80' lang='grc' dir='ltr'>αὐτοὺς</span> <span class='ocrx_word' id='word_1_548' title='bbox 690 1780 712 1796; x_wconf 86' lang='grc'>⁸¹</span> <span class='ocrx_word' id='word_1_549' title='bbox 733 1781 789 1811; x_wconf 78' lang='grc' dir='ltr'>τοῖς</span> <span class='ocrx_word' id='word_1_550' title='bbox 806 1780 875 1815; x_wconf 88' lang='grc' dir='ltr'>πλή-</span> 
     </span>
    </p>
   </div>
   <div class='ocr_carea' id='block_1_69' title="bbox 930 1776 1722 1819">
    <p class='ocr_par' dir='ltr' id='par_1_69' title="bbox 930 1780 1722 1817">
     <span class='ocr_line' id='line_1_69' title="bbox 930 1780 1722 1817; baseline 0.004 -11"><span class='ocrx_word' id='word_1_551' title='bbox 930 1788 1002 1813; x_wconf 80' lang='lat' dir='ltr'><strong>rare,</strong></span> <span class='ocrx_word' id='word_1_552' title='bbox 1020 1780 1152 1808; x_wconf 83' lang='lat' dir='ltr'><strong>famulam</strong></span> <span class='ocrx_word' id='word_1_553' title='bbox 1163 1789 1212 1816; x_wconf 88' lang='lat' dir='ltr'><strong>pro</strong></span> <span class='ocrx_word' id='word_1_554' title='bbox 1228 1782 1338 1810; x_wconf 85' lang='lat' dir='ltr'><strong>domina</strong></span> <span class='ocrx_word' id='word_1_555' title='bbox 1347 1784 1482 1814; x_wconf 80' lang='lat' dir='ltr'><strong>sun-is.et</strong></span> <span class='ocrx_word' id='word_1_556' title='bbox 1495 1791 1556 1810; x_wconf 90' lang='lat' dir='ltr'><strong>cum</strong></span> <span class='ocrx_word' id='word_1_557' title='bbox 1574 1783 1722 1817; x_wconf 80' lang='lat' dir='ltr'><strong>plebicolas</strong></span> 
     </span>
    </p>
   </div>
   <div class='ocr_carea' id='block_1_70' title="bbox 80 1825 874 1861">
    <p class='ocr_par' dir='ltr' id='par_1_70' title="bbox 80 1825 874 1861">
     <span class='ocr_line' id='line_1_70' title="bbox 80 1825 874 1861; baseline 0 -9"><span class='ocrx_word' id='word_1_558' title='bbox 80 1827 155 1853; x_wconf 84' lang='grc' dir='ltr'>θεσιν</span> <span class='ocrx_word' id='word_1_559' title='bbox 167 1826 292 1852; x_wconf 76' lang='grc' dir='ltr'>ὑπείκειν</span> <span class='ocrx_word' id='word_1_560' title='bbox 307 1826 362 1861; x_wconf 77' lang='grc' dir='ltr'><strong>φὴς</strong></span> <span class='ocrx_word' id='word_1_561' title='bbox 377 1826 424 1852; x_wconf 76' lang='grc' dir='ltr'>καὶ</span> <span class='ocrx_word' id='word_1_562' title='bbox 439 1827 526 1851; x_wconf 75' lang='grc' dir='ltr'>ποιεῖν</span> <span class='ocrx_word' id='word_1_563' title='bbox 536 1825 571 1852; x_wconf 77' lang='grc' dir='ltr'><strong>τὰ</strong></span> <span class='ocrx_word' id='word_1_564' title='bbox 584 1825 763 1860; x_wconf 79' lang='grc' dir='ltr'>κελευόμενα,</span> <span class='ocrx_word' id='word_1_565' title='bbox 773 1826 832 1852; x_wconf 81' lang='grc' dir='ltr'>ἀλλ’</span> <span class='ocrx_word' id='word_1_566' title='bbox 842 1826 874 1852; x_wconf 75' lang='grc' dir='ltr'>οὐ</span> 
     </span>
    </p>
   </div>
   <div class='ocr_carea' id='block_1_71' title="bbox 80 1866 876 1908">
    <p class='ocr_par' dir='ltr' id='par_1_71' title="bbox 80 1866 876 1908">
     <span class='ocr_line' id='line_1_71' title="bbox 80 1866 876 1908; baseline -0.001 -9"><span class='ocrx_word' id='word_1_567' title='bbox 80 1866 214 1906; x_wconf 75' lang='grc' dir='ltr'>κελεύειν,</span> <span class='ocrx_word' id='word_1_568' title='bbox 232 1872 281 1908; x_wconf 88' lang='grc' dir='ltr'>τὴν</span> <span class='ocrx_word' id='word_1_569' title='bbox 293 1872 461 1907; x_wconf 83' lang='grc' dir='ltr'>θεράπαιναν</span> <span class='ocrx_word' id='word_1_570' title='bbox 468 1871 585 1906; x_wconf 74' lang='grc' dir='ltr'>εἴληφας</span> <span class='ocrx_word' id='word_1_571' title='bbox 595 1873 656 1898; x_wconf 76' lang='grc' dir='ltr'>ἀντὶ</span> <span class='ocrx_word' id='word_1_572' title='bbox 664 1872 712 1906; x_wconf 90' lang='grc' dir='ltr'><strong>τῆς</strong></span> <span class='ocrx_word' id='word_1_573' title='bbox 721 1872 876 1907; x_wconf 81' lang='grc' dir='ltr'>δεσποίνης,</span> 
     </span>
    </p>
   </div>
   <div class='ocr_carea' id='block_1_72' title="bbox 78 1918 876 1954">
    <p class='ocr_par' dir='ltr' id='par_1_72' title="bbox 78 1918 876 1954">
     <span class='ocr_line' id='line_1_72' title="bbox 78 1918 876 1954; baseline 0 -9"><span class='ocrx_word' id='word_1_574' title='bbox 78 1919 127 1946; x_wconf 62' lang='grc' dir='ltr'>ναὶ</span> <span class='ocrx_word' id='word_1_575' title='bbox 149 1919 214 1950; x_wconf 78' lang='grc' dir='ltr'>τοὺς</span> <span class='ocrx_word' id='word_1_576' title='bbox 237 1918 384 1954; x_wconf 80' lang='grc' dir='ltr'>δημοσίους</span> <span class='ocrx_word' id='word_1_577' title='bbox 407 1918 500 1953; x_wconf 81' lang='grc' dir='ltr'>ψέγων</span> <span class='ocrx_word' id='word_1_578' title='bbox 518 1918 606 1950; x_wconf 82' lang='grc' dir='ltr'>δοκεῖς</span> <span class='ocrx_word' id='word_1_579' title='bbox 620 1918 643 1934; x_wconf 80' lang='grc'><strong>⁸¹</strong></span> <span class='ocrx_word' id='word_1_580' title='bbox 664 1919 729 1950; x_wconf 77' lang='grc' dir='ltr'>τοὺς</span> <span class='ocrx_word' id='word_1_581' title='bbox 747 1919 876 1953; x_wconf 79' lang='grc' dir='ltr'>ῥήτορας.</span> 
     </span>
    </p>
   </div>
   <div class='ocr_carea' id='block_1_73' title="bbox 85 1963 876 2000">
    <p class='ocr_par' dir='ltr' id='par_1_73' title="bbox 85 1963 876 2000">
     <span class='ocr_line' id='line_1_73' title="bbox 85 1963 876 2000; baseline -0.001 -8"><span class='ocrx_word' id='word_1_582' title='bbox 85 1965 158 1992; x_wconf 82' lang='grc' dir='ltr'>Ἀλλ’</span> <span class='ocrx_word' id='word_1_583' title='bbox 172 1965 228 1992; x_wconf 73' lang='grc' dir='ltr'>οὔθ’</span> <span class='ocrx_word' id='word_1_584' title='bbox 243 1965 269 1991; x_wconf 81' lang='grc' dir='ltr'>οἱ</span> <span class='ocrx_word' id='word_1_585' title='bbox 284 1965 412 2000; x_wconf 82' lang='grc' dir='ltr'>δημόσιοι</span> <span class='ocrx_word' id='word_1_586' title='bbox 438 1965 509 2000; x_wconf 86' lang='grc' dir='ltr'>μέγα</span> <span class='ocrx_word' id='word_1_587' title='bbox 535 1963 680 1999; x_wconf 81' lang='grc' dir='ltr'>φρονοῦσιν</span> <span class='ocrx_word' id='word_1_588' title='bbox 697 1965 740 1998; x_wconf 75' lang='grc' dir='ltr'><strong>ἐφ’</strong></span> <span class='ocrx_word' id='word_1_589' title='bbox 757 1965 876 1998; x_wconf 78' lang='grc' dir='ltr'>ἑαυτοῖς,</span> 
     </span>
    </p>
   </div>
   <div class='ocr_carea' id='block_1_74' title="bbox 78 2010 878 2046">
    <p class='ocr_par' dir='ltr' id='par_1_74' title="bbox 78 2010 878 2046">
     <span class='ocr_line' id='line_1_74' title="bbox 78 2010 878 2046; baseline -0.003 -8"><span class='ocrx_word' id='word_1_590' title='bbox 78 2012 121 2038; x_wconf 79' lang='grc' dir='ltr'>ὅτι</span> <span class='ocrx_word' id='word_1_591' title='bbox 136 2011 293 2038; x_wconf 82' lang='grc' dir='ltr'>δουλεύουσι</span> <span class='ocrx_word' id='word_1_592' title='bbox 305 2012 362 2042; x_wconf 87' lang='grc' dir='ltr'>τοῖς</span> <span class='ocrx_word' id='word_1_593' title='bbox 387 2011 438 2045; x_wconf 89' lang='grc' dir='ltr'><strong>τῆς</strong></span> <span class='ocrx_word' id='word_1_594' title='bbox 453 2011 557 2043; x_wconf 80' lang='grc' dir='ltr'>πόλεως</span> <span class='ocrx_word' id='word_1_595' title='bbox 574 2010 739 2046; x_wconf 80' lang='grc' dir='ltr'>βουλήμασι,</span> <span class='ocrx_word' id='word_1_596' title='bbox 756 2011 805 2037; x_wconf 76' lang='grc' dir='ltr'>καὶ</span> <span class='ocrx_word' id='word_1_597' title='bbox 821 2012 878 2043; x_wconf 84' lang='grc' dir='ltr'>τοῖς</span> 
     </span>
    </p>
   </div>
   <div class='ocr_carea' id='block_1_75' title="bbox 81 2056 877 2093">
    <p class='ocr_par' dir='ltr' id='par_1_75' title="bbox 81 2056 877 2093">
     <span class='ocr_line' id='line_1_75' title="bbox 81 2056 877 2093; baseline 0 -10"><span class='ocrx_word' id='word_1_598' title='bbox 81 2056 253 2093; x_wconf 74' lang='grc' dir='ltr'>ρήτορσιτοῢ</span> <span class='ocrx_word' id='word_1_599' title='bbox 263 2058 372 2092; x_wconf 76' lang='grc' dir='ltr'>φρονεῖν</span> <span class='ocrx_word' id='word_1_600' title='bbox 387 2056 455 2084; x_wconf 74' lang='grc' dir='ltr'>αὐτὸ</span> <span class='ocrx_word' id='word_1_601' title='bbox 468 2056 548 2083; x_wconf 83' lang='grc' dir='ltr'>τοῦτο</span> <span class='ocrx_word' id='word_1_602' title='bbox 568 2057 656 2083; x_wconf 75' lang='grc' dir='ltr'>αἴτιόν</span> <span class='ocrx_word' id='word_1_603' title='bbox 671 2058 730 2084; x_wconf 76' lang='grc' dir='ltr'>ἐστι</span> <span class='ocrx_word' id='word_1_604' title='bbox 745 2057 776 2084; x_wconf 79' lang='grc' dir='ltr'><strong>τὸ</strong></span> <span class='ocrx_word' id='word_1_605' title='bbox 793 2057 830 2093; x_wconf 87' lang='grc' dir='ltr'>μὴ</span> <span class='ocrx_word' id='word_1_606' title='bbox 842 2058 877 2083; x_wconf 77' lang='grc' dir='ltr'><strong>τὰ</strong></span> 
     </span>
    </p>
   </div>
   <div class='ocr_carea' id='block_1_76' title="bbox 79 2101 878 2137">
    <p class='ocr_par' dir='ltr' id='par_1_76' title="bbox 79 2101 878 2137">
     <span class='ocr_line' id='line_1_76' title="bbox 79 2101 878 2137; baseline 0 -8"><span class='ocrx_word' id='word_1_607' title='bbox 79 2102 212 2129; x_wconf 75' lang='grc' dir='ltr'>δοκοῦντα</span> <span class='ocrx_word' id='word_1_608' title='bbox 223 2103 278 2134; x_wconf 87' lang='grc' dir='ltr'>τοῖς</span> <span class='ocrx_word' id='word_1_609' title='bbox 296 2102 393 2137; x_wconf 86' lang='grc' dir='ltr'>δήμοις</span> <span class='ocrx_word' id='word_1_610' title='bbox 421 2101 521 2136; x_wconf 83' lang='grc' dir='ltr'>λέγειν,</span> <span class='ocrx_word' id='word_1_611' title='bbox 537 2101 602 2128; x_wconf 81' lang='grc' dir='ltr'>ἀλλ’</span> <span class='ocrx_word' id='word_1_612' title='bbox 625 2101 644 2128; x_wconf 81' lang='grc' dir='ltr'>ἃ</span> <span class='ocrx_word' id='word_1_613' title='bbox 661 2101 786 2128; x_wconf 79' lang='grc' dir='ltr'>δοκοῦσιν</span> <span class='ocrx_word' id='word_1_614' title='bbox 800 2102 878 2129; x_wconf 74' lang='grc' dir='ltr'>αὐτοὶ</span> 
     </span>
    </p>
   </div>
   <div class='ocr_carea' id='block_1_77' title="bbox 80 2145 877 2184">
    <p class='ocr_par' dir='ltr' id='par_1_77' title="bbox 80 2145 877 2184">
     <span class='ocr_line' id='line_1_77' title="bbox 80 2145 877 2184; baseline -0.001 -9"><span class='ocrx_word' id='word_1_615' title='bbox 80 2149 209 2184; x_wconf 78' lang='grc' dir='ltr'>βέλτιστα</span> <span class='ocrx_word' id='word_1_616' title='bbox 219 2145 300 2176; x_wconf 75' lang='grc' dir='ltr'>εἶναι.</span> <span class='ocrx_word' id='word_1_617' title='bbox 315 2149 346 2175; x_wconf 86' lang='grc' dir='ltr'><strong>Εί</strong></span> <span class='ocrx_word' id='word_1_618' title='bbox 359 2148 386 2175; x_wconf 80' lang='grc' dir='ltr'>δὲ</span> <span class='ocrx_word' id='word_1_619' title='bbox 398 2148 421 2164; x_wconf 77' lang='grc'><strong>⁸³</strong></span> <span class='ocrx_word' id='word_1_620' title='bbox 434 2146 505 2183; x_wconf 79' lang='grc' dir='ltr'>ἦσαν</span> <span class='ocrx_word' id='word_1_621' title='bbox 532 2147 651 2174; x_wconf 81' lang='grc' dir='ltr'>διάκονοι</span> <span class='ocrx_word' id='word_1_622' title='bbox 665 2148 715 2182; x_wconf 86' lang='grc' dir='ltr'><strong>τῆς</strong></span> <span class='ocrx_word' id='word_1_623' title='bbox 736 2148 791 2175; x_wconf 86' lang='grc' dir='ltr'>τῶν</span> <span class='ocrx_word' id='word_1_624' title='bbox 809 2147 877 2174; x_wconf 78' lang='grc' dir='ltr'>πολ-</span> 
     </span>
    </p>
   </div>
   <div class='ocr_carea' id='block_1_78' title="bbox 79 2193 878 2229">
    <p class='ocr_par' dir='ltr' id='par_1_78' title="bbox 79 2193 878 2229">
     <span class='ocr_line' id='line_1_78' title="bbox 79 2193 878 2229; baseline -0.003 -7"><span class='ocrx_word' id='word_1_625' title='bbox 79 2195 135 2222; x_wconf 79' lang='grc' dir='ltr'><strong>λῶν</strong></span> <span class='ocrx_word' id='word_1_626' title='bbox 145 2195 292 2229; x_wconf 72' lang='grc' dir='ltr'>ἐπιθυμίας</span> <span class='ocrx_word' id='word_1_627' title='bbox 307 2195 356 2221; x_wconf 74' lang='grc' dir='ltr'>καὶ</span> <span class='ocrx_word' id='word_1_628' title='bbox 369 2195 402 2221; x_wconf 79' lang='grc' dir='ltr'><strong>τὰ</strong></span> <span class='ocrx_word' id='word_1_629' title='bbox 412 2193 543 2220; x_wconf 80' lang='grc' dir='ltr'>δοκοῦντα</span> <span class='ocrx_word' id='word_1_630' title='bbox 555 2195 612 2226; x_wconf 79' lang='grc' dir='ltr'>τοῖς</span> <span class='ocrx_word' id='word_1_631' title='bbox 627 2193 795 2228; x_wconf 81' lang='grc' dir='ltr'>καθημένοις</span> <span class='ocrx_word' id='word_1_632' title='bbox 816 2194 878 2229; x_wconf 78' lang='grc' dir='ltr'>ἐδη-</span> 
     </span>
    </p>
   </div>
   <div class='ocr_carea' id='block_1_79' title="bbox 81 2240 875 2278">
    <p class='ocr_par' dir='ltr' id='par_1_79' title="bbox 81 2240 875 2278">
     <span class='ocr_line' id='line_1_79' title="bbox 81 2240 875 2278; baseline -0.003 -10"><span class='ocrx_word' id='word_1_633' title='bbox 81 2242 231 2278; x_wconf 75' lang='grc' dir='ltr'>μηγόρουν,</span> <span class='ocrx_word' id='word_1_634' title='bbox 244 2242 299 2268; x_wconf 72' lang='grc' dir='ltr'>οὐδ’</span> <span class='ocrx_word' id='word_1_635' title='bbox 311 2242 343 2268; x_wconf 87' lang='grc' dir='ltr'><strong>ἃν</strong></span> <span class='ocrx_word' id='word_1_636' title='bbox 357 2240 601 2276; x_wconf 69' lang='grc' dir='ltr'>παρρησιάσασθαι</span> <span class='ocrx_word' id='word_1_637' title='bbox 620 2240 679 2266; x_wconf 80' lang='grc' dir='ltr'>ποτ’</span> <span class='ocrx_word' id='word_1_638' title='bbox 693 2241 787 2271; x_wconf 77' lang='grc' dir='ltr'>αὐτοῖς</span> <span class='ocrx_word' id='word_1_639' title='bbox 801 2240 875 2275; x_wconf 76' lang='grc' dir='ltr'>ἐξῆν,</span> 
     </span>
    </p>
   </div>
   <div class='ocr_carea' id='block_1_80' title="bbox 79 2285 876 2322">
    <p class='ocr_par' dir='ltr' id='par_1_80' title="bbox 79 2285 876 2322">
     <span class='ocr_line' id='line_1_80' title="bbox 79 2285 876 2322; baseline 0.001 -9"><span class='ocrx_word' id='word_1_640' title='bbox 79 2287 130 2322; x_wconf 75' lang='grc' dir='ltr'>οὐχ</span> <span class='ocrx_word' id='word_1_641' title='bbox 144 2287 217 2318; x_wconf 75' lang='grc' dir='ltr'>ὅπως</span> <span class='ocrx_word' id='word_1_642' title='bbox 234 2287 305 2322; x_wconf 79' lang='grc' dir='ltr'>ὑπὲρ</span> <span class='ocrx_word' id='word_1_643' title='bbox 328 2287 390 2318; x_wconf 79' lang='grc' dir='ltr'>τοὺς</span> <span class='ocrx_word' id='word_1_644' title='bbox 413 2286 511 2318; x_wconf 80' lang='grc' dir='ltr'>ἄλλους</span> <span class='ocrx_word' id='word_1_645' title='bbox 529 2288 638 2322; x_wconf 80' lang='grc' dir='ltr'>φρονεῖν</span> <span class='ocrx_word' id='word_1_646' title='bbox 659 2286 694 2313; x_wconf 59' lang='grc' dir='ltr'><strong>ει.</strong></span> <span class='ocrx_word' id='word_1_647' title='bbox 715 2286 787 2313; x_wconf 79' lang='grc' dir='ltr'>Ἀλλ’</span> <span class='ocrx_word' id='word_1_648' title='bbox 798 2285 876 2321; x_wconf 81' lang='grc' dir='ltr'>οἶμαι</span> 
     </span>
    </p>
   </div>
   <div class='ocr_carea' id='block_1_81' title="bbox 81 2331 877 2367">
    <p class='ocr_par' dir='ltr' id='par_1_81' title="bbox 81 2331 877 2367">
     <span class='ocr_line' id='line_1_81' title="bbox 81 2331 877 2367; baseline -0.001 -8"><span class='ocrx_word' id='word_1_649' title='bbox 81 2333 224 2359; x_wconf 62' lang='grc' dir='ltr'>συνίσασιν</span> <span class='ocrx_word' id='word_1_650' title='bbox 235 2333 340 2364; x_wconf 81' lang='grc' dir='ltr'>ἑαυτοῖς</span> <span class='ocrx_word' id='word_1_651' title='bbox 353 2333 384 2359; x_wconf 85' lang='grc' dir='ltr'>οὐ</span> <span class='ocrx_word' id='word_1_652' title='bbox 400 2333 448 2364; x_wconf 86' lang='grc' dir='ltr'>τὰς</span> <span class='ocrx_word' id='word_1_653' title='bbox 460 2331 557 2365; x_wconf 80' lang='grc' dir='ltr'>ἡδονὰς</span> <span class='ocrx_word' id='word_1_654' title='bbox 579 2331 789 2367; x_wconf 80' lang='grc' dir='ltr'>θεραπεύουσιν,</span> <span class='ocrx_word' id='word_1_655' title='bbox 808 2332 877 2358; x_wconf 80' lang='grc' dir='ltr'>ἀλλὰ</span> 
     </span>
    </p>
   </div>
   <div class='ocr_carea' id='block_1_82' title="bbox 79 2376 875 2413">
    <p class='ocr_par' dir='ltr' id='par_1_82' title="bbox 79 2376 875 2413">
     <span class='ocr_line' id='line_1_82' title="bbox 79 2376 875 2413; baseline -0.001 -9"><span class='ocrx_word' id='word_1_656' title='bbox 79 2379 135 2405; x_wconf 83' lang='grc' dir='ltr'>τῶν</span> <span class='ocrx_word' id='word_1_657' title='bbox 149 2378 244 2412; x_wconf 88' lang='grc' dir='ltr'>δήμων</span> <span class='ocrx_word' id='word_1_658' title='bbox 267 2378 316 2409; x_wconf 79' lang='grc' dir='ltr'><strong>τὰς</strong></span> <span class='ocrx_word' id='word_1_659' title='bbox 339 2377 487 2413; x_wconf 79' lang='grc' dir='ltr'>ἐπιθυμίας</span> <span class='ocrx_word' id='word_1_660' title='bbox 515 2376 742 2411; x_wconf 74' lang='grc' dir='ltr'>σωφρονίζουσιν·</span> <span class='ocrx_word' id='word_1_661' title='bbox 766 2377 826 2403; x_wconf 75' lang='grc' dir='ltr'>οὐδὲ</span> <span class='ocrx_word' id='word_1_662' title='bbox 852 2377 875 2393; x_wconf 80' lang='grc'><strong>⁸⁸</strong></span> 
     </span>
    </p>
   </div>
   <div class='ocr_carea' id='block_1_83' title="bbox 79 2422 876 2460">
    <p class='ocr_par' dir='ltr' id='par_1_83' title="bbox 79 2422 876 2460">
     <span class='ocr_line' id='line_1_83' title="bbox 79 2422 876 2460; baseline -0.003 -10"><span class='ocrx_word' id='word_1_663' title='bbox 79 2425 182 2460; x_wconf 80' lang='grc' dir='ltr'>ὁρῶσιν</span> <span class='ocrx_word' id='word_1_664' title='bbox 192 2425 231 2455; x_wconf 85' lang='grc' dir='ltr'><strong>είς</strong></span> <span class='ocrx_word' id='word_1_665' title='bbox 246 2424 308 2455; x_wconf 79' lang='grc' dir='ltr'>τοὺς</span> <span class='ocrx_word' id='word_1_666' title='bbox 322 2423 447 2456; x_wconf 81' lang='grc' dir='ltr'>πολλοὺς,</span> <span class='ocrx_word' id='word_1_667' title='bbox 459 2423 528 2450; x_wconf 84' lang='grc' dir='ltr'>ἀλλὰ</span> <span class='ocrx_word' id='word_1_668' title='bbox 549 2423 642 2449; x_wconf 78' lang='grc' dir='ltr'>πολλοὶ</span> <span class='ocrx_word' id='word_1_669' title='bbox 653 2422 754 2458; x_wconf 77' lang='grc' dir='ltr'>ὁρῶσιν</span> <span class='ocrx_word' id='word_1_670' title='bbox 766 2423 805 2454; x_wconf 79' lang='grc' dir='ltr'><strong>είς</strong></span> <span class='ocrx_word' id='word_1_671' title='bbox 815 2422 876 2449; x_wconf 82' lang='grc' dir='ltr'>τού-</span> 
     </span>
    </p>
   </div>
   <div class='ocr_carea' id='block_1_84' title="bbox 929 1827 1722 1862">
    <p class='ocr_par' dir='ltr' id='par_1_84' title="bbox 929 1827 1722 1862">
     <span class='ocr_line' id='line_1_84' title="bbox 929 1827 1722 1862; baseline 0.004 -9"><span class='ocrx_word' id='word_1_672' title='bbox 929 1827 1078 1861; x_wconf 85' lang='lat' dir='ltr'><strong>vituperes,</strong></span> <span class='ocrx_word' id='word_1_673' title='bbox 1089 1831 1168 1862; x_wconf 82' lang='lat' dir='ltr'><strong>putas</strong></span> <span class='ocrx_word' id='word_1_674' title='bbox 1179 1827 1226 1855; x_wconf 86' lang='lat' dir='ltr'><strong>tibi</strong></span> <span class='ocrx_word' id='word_1_675' title='bbox 1234 1835 1291 1855; x_wconf 86' lang='lat' dir='ltr'><strong>rem</strong></span> <span class='ocrx_word' id='word_1_676' title='bbox 1302 1835 1363 1855; x_wconf 85' lang='lat' dir='ltr'><strong>esse</strong></span> <span class='ocrx_word' id='word_1_677' title='bbox 1374 1836 1436 1855; x_wconf 86' lang='lat' dir='ltr'><strong>cum</strong></span> <span class='ocrx_word' id='word_1_678' title='bbox 1450 1828 1722 1856; x_wconf 65' lang='lat' dir='ltr'><strong>oratoribusNernm</strong></span> 
     </span>
    </p>
   </div>
   <div class='ocr_carea' id='block_1_85' title="bbox 929 1873 1721 1910">
    <p class='ocr_par' dir='ltr' id='par_1_85' title="bbox 929 1873 1721 1910">
     <span class='ocr_line' id='line_1_85' title="bbox 929 1873 1721 1910; baseline 0.004 -11"><span class='ocrx_word' id='word_1_679' title='bbox 929 1880 980 1900; x_wconf 85' lang='lat' dir='ltr'><strong>nec</strong></span> <span class='ocrx_word' id='word_1_680' title='bbox 994 1873 1132 1907; x_wconf 72' lang='lat' dir='ltr'><strong>plebicola:</strong></span> <span class='ocrx_word' id='word_1_681' title='bbox 1145 1873 1237 1908; x_wconf 78' lang='lat' dir='ltr'><strong>magni</strong></span> <span class='ocrx_word' id='word_1_682' title='bbox 1255 1881 1284 1902; x_wconf 86' lang='lat' dir='ltr'><strong>se</strong></span> <span class='ocrx_word' id='word_1_683' title='bbox 1303 1875 1418 1907; x_wconf 80' lang='lat' dir='ltr'><strong>faciunt,</strong></span> <span class='ocrx_word' id='word_1_684' title='bbox 1435 1875 1509 1910; x_wconf 88' lang='lat' dir='ltr'><strong>quod</strong></span> <span class='ocrx_word' id='word_1_685' title='bbox 1532 1875 1638 1902; x_wconf 84' lang='lat' dir='ltr'><strong>civitati</strong></span> <span class='ocrx_word' id='word_1_686' title='bbox 1654 1883 1721 1903; x_wconf 88' lang='lat' dir='ltr'><strong>ser—</strong></span> 
     </span>
    </p>
   </div>
   <div class='ocr_carea' id='block_1_86' title="bbox 930 1918 1720 1956">
    <p class='ocr_par' dir='ltr' id='par_1_86' title="bbox 930 1918 1720 1956">
     <span class='ocr_line' id='line_1_86' title="bbox 930 1918 1720 1956; baseline 0.005 -12"><span class='ocrx_word' id='word_1_687' title='bbox 930 1918 1015 1951; x_wconf 79' lang='lat' dir='ltr'><strong>\‘iant,</strong></span> <span class='ocrx_word' id='word_1_688' title='bbox 1035 1923 1063 1945; x_wconf 94' lang='lat' dir='ltr'><strong>et</strong></span> <span class='ocrx_word' id='word_1_689' title='bbox 1080 1924 1208 1946; x_wconf 86' lang='lat' dir='ltr'><strong>oratores</strong></span> <span class='ocrx_word' id='word_1_690' title='bbox 1228 1919 1279 1947; x_wconf 87' lang='lat' dir='ltr'><strong>hac</strong></span> <span class='ocrx_word' id='word_1_691' title='bbox 1294 1919 1353 1955; x_wconf 85' lang='lat' dir='ltr'><strong>ipsa</strong></span> <span class='ocrx_word' id='word_1_692' title='bbox 1378 1921 1411 1948; x_wconf 89' lang='lat' dir='ltr'><strong>de</strong></span> <span class='ocrx_word' id='word_1_693' title='bbox 1427 1927 1510 1948; x_wconf 87' lang='lat' dir='ltr'><strong>causa</strong></span> <span class='ocrx_word' id='word_1_694' title='bbox 1527 1921 1579 1948; x_wconf 91' lang='lat' dir='ltr'><strong>sibi</strong></span> <span class='ocrx_word' id='word_1_695' title='bbox 1595 1922 1720 1956; x_wconf 80' lang='lat' dir='ltr'><strong>placent,</strong></span> 
     </span>
    </p>
   </div>
   <div class='ocr_carea' id='block_1_87' title="bbox 929 1965 1724 2001">
    <p class='ocr_par' dir='ltr' id='par_1_87' title="bbox 929 1965 1724 2001">
     <span class='ocr_line' id='line_1_87' title="bbox 929 1965 1724 2001; baseline 0.005 -11"><span class='ocrx_word' id='word_1_696' title='bbox 929 1965 1000 1998; x_wconf 89' lang='lat' dir='ltr'><strong>quod</strong></span> <span class='ocrx_word' id='word_1_697' title='bbox 1023 1971 1074 1992; x_wconf 94' lang='lat' dir='ltr'><strong>non</strong></span> <span class='ocrx_word' id='word_1_698' title='bbox 1103 1972 1163 1999; x_wconf 65' lang='lat' dir='ltr'><strong>quae</strong></span> <span class='ocrx_word' id='word_1_699' title='bbox 1196 1965 1305 2000; x_wconf 85' lang='lat' dir='ltr'><strong>populo,</strong></span> <span class='ocrx_word' id='word_1_700' title='bbox 1332 1966 1379 1993; x_wconf 86' lang='lat' dir='ltr'><strong>sed</strong></span> <span class='ocrx_word' id='word_1_701' title='bbox 1412 1974 1475 2001; x_wconf 67' lang='lat' dir='ltr'><strong>qua:</strong></span> <span class='ocrx_word' id='word_1_702' title='bbox 1500 1967 1551 1994; x_wconf 90' lang='lat' dir='ltr'><strong>sibi</strong></span> <span class='ocrx_word' id='word_1_703' title='bbox 1579 1968 1724 1995; x_wconf 86' lang='lat' dir='ltr'><strong>videantur</strong></span> 
     </span>
    </p>
   </div>
   <div class='ocr_carea' id='block_1_88' title="bbox 929 2010 1722 2048">
    <p class='ocr_par' dir='ltr' id='par_1_88' title="bbox 929 2010 1722 2048">
     <span class='ocr_line' id='line_1_88' title="bbox 929 2010 1722 2048; baseline 0.005 -12"><span class='ocrx_word' id='word_1_704' title='bbox 929 2010 1029 2044; x_wconf 87' lang='lat' dir='ltr'><strong>optima</strong></span> <span class='ocrx_word' id='word_1_705' title='bbox 1044 2010 1147 2038; x_wconf 86' lang='lat' dir='ltr'><strong>dicant.</strong></span> <span class='ocrx_word' id='word_1_706' title='bbox 1165 2010 1242 2044; x_wconf 86' lang='lat' dir='ltr'><strong>Quod</strong></span> <span class='ocrx_word' id='word_1_707' title='bbox 1261 2011 1284 2039; x_wconf 90' lang='lat' dir='ltr'><strong>si</strong></span> <span class='ocrx_word' id='word_1_708' title='bbox 1297 2011 1482 2040; x_wconf 86' lang='lat' dir='ltr'><strong>multitudinis</strong></span> <span class='ocrx_word' id='word_1_709' title='bbox 1496 2013 1722 2048; x_wconf 84' lang='lat' dir='ltr'><strong>obtemperarent</strong></span> 
     </span>
    </p>
   </div>
   <div class='ocr_carea' id='block_1_89' title="bbox 929 2055 1721 2092">
    <p class='ocr_par' dir='ltr' id='par_1_89' title="bbox 929 2055 1721 2092">
     <span class='ocr_line' id='line_1_89' title="bbox 929 2055 1721 2092; baseline 0.005 -10"><span class='ocrx_word' id='word_1_710' title='bbox 929 2055 1048 2088; x_wconf 88' lang='lat' dir='ltr'><strong>libidini,</strong></span> <span class='ocrx_word' id='word_1_711' title='bbox 1062 2060 1090 2084; x_wconf 85' lang='lat' dir='ltr'><strong>et</strong></span> <span class='ocrx_word' id='word_1_712' title='bbox 1109 2064 1158 2091; x_wconf 91' lang='lat' dir='ltr'><strong>pro</strong></span> <span class='ocrx_word' id='word_1_713' title='bbox 1181 2057 1303 2091; x_wconf 88' lang='lat' dir='ltr'><strong>jndicnm</strong></span> <span class='ocrx_word' id='word_1_714' title='bbox 1329 2058 1446 2086; x_wconf 81' lang='lat' dir='ltr'><strong>arbitrio</strong></span> <span class='ocrx_word' id='word_1_715' title='bbox 1475 2059 1721 2092; x_wconf 79' lang='lat' dir='ltr'><strong>concionarentur,</strong></span> 
     </span>
    </p>
   </div>
   <div class='ocr_carea' id='block_1_90' title="bbox 929 2102 1722 2140">
    <p class='ocr_par' dir='ltr' id='par_1_90' title="bbox 929 2102 1722 2140">
     <span class='ocr_line' id='line_1_90' title="bbox 929 2102 1722 2140; baseline 0.004 -11"><span class='ocrx_word' id='word_1_716' title='bbox 929 2110 963 2140; x_wconf 72' lang='lat' dir='ltr'><strong>ne</strong></span> <span class='ocrx_word' id='word_1_717' title='bbox 978 2102 1064 2132; x_wconf 69' lang='lat' dir='ltr'><strong>libere</strong></span> <span class='ocrx_word' id='word_1_718' title='bbox 1093 2103 1165 2137; x_wconf 82' lang='lat' dir='ltr'><strong>loqui</strong></span> <span class='ocrx_word' id='word_1_719' title='bbox 1195 2103 1305 2138; x_wconf 89' lang='lat' dir='ltr'><strong>quidem</strong></span> <span class='ocrx_word' id='word_1_720' title='bbox 1327 2109 1441 2138; x_wconf 85' lang='lat' dir='ltr'><strong>possent</strong></span> <span class='ocrx_word' id='word_1_721' title='bbox 1462 2113 1593 2139; x_wconf 82' lang='lat' dir='ltr'><strong>unquam,</strong></span> <span class='ocrx_word' id='word_1_722' title='bbox 1622 2106 1722 2134; x_wconf 91' lang='lat' dir='ltr'><strong>nedum</strong></span> 
     </span>
    </p>
   </div>
   <div class='ocr_carea' id='block_1_91' title="bbox 932 2149 1720 2186">
    <p class='ocr_par' dir='ltr' id='par_1_91' title="bbox 932 2149 1720 2186">
     <span class='ocr_line' id='line_1_91' title="bbox 932 2149 1720 2186; baseline 0.003 -10"><span class='ocrx_word' id='word_1_723' title='bbox 932 2149 994 2177; x_wconf 86' lang='lat' dir='ltr'><strong>aliis</strong></span> <span class='ocrx_word' id='word_1_724' title='bbox 1013 2156 1044 2177; x_wconf 79' lang='lat' dir='ltr'><strong>se</strong></span> <span class='ocrx_word' id='word_1_725' title='bbox 1063 2149 1196 2184; x_wconf 82' lang='lat' dir='ltr'><strong>proferre.</strong></span> <span class='ocrx_word' id='word_1_726' title='bbox 1218 2150 1255 2176; x_wconf 84' lang='lat' dir='ltr'><strong>At</strong></span> <span class='ocrx_word' id='word_1_727' title='bbox 1271 2155 1373 2178; x_wconf 91' lang='lat' dir='ltr'><strong>norunt</strong></span> <span class='ocrx_word' id='word_1_728' title='bbox 1396 2158 1427 2178; x_wconf 87' lang='lat' dir='ltr'><strong>se</strong></span> <span class='ocrx_word' id='word_1_729' title='bbox 1449 2159 1506 2178; x_wconf 78' lang='lat' dir='ltr'><strong>non</strong></span> <span class='ocrx_word' id='word_1_730' title='bbox 1534 2151 1720 2186; x_wconf 74' lang='lat' dir='ltr'><strong>voluptatibus</strong></span> 
     </span>
    </p>
   </div>
   <div class='ocr_carea' id='block_1_92' title="bbox 928 2194 1722 2231">
    <p class='ocr_par' dir='ltr' id='par_1_92' title="bbox 928 2194 1722 2231">
     <span class='ocr_line' id='line_1_92' title="bbox 928 2194 1722 2231; baseline 0.003 -9"><span class='ocrx_word' id='word_1_731' title='bbox 928 2194 1043 2225; x_wconf 83' lang='lat' dir='ltr'><strong>servire.</strong></span> <span class='ocrx_word' id='word_1_732' title='bbox 1064 2195 1111 2222; x_wconf 84' lang='lat' dir='ltr'><strong>sed</strong></span> <span class='ocrx_word' id='word_1_733' title='bbox 1130 2194 1293 2229; x_wconf 84' lang='lat' dir='ltr'><strong>cupiditates</strong></span> <span class='ocrx_word' id='word_1_734' title='bbox 1311 2195 1460 2228; x_wconf 81' lang='lat' dir='ltr'><strong>moderari,</strong></span> <span class='ocrx_word' id='word_1_735' title='bbox 1477 2203 1527 2223; x_wconf 87' lang='lat' dir='ltr'><strong>nec</strong></span> <span class='ocrx_word' id='word_1_736' title='bbox 1541 2196 1636 2231; x_wconf 77' lang='lat' dir='ltr'><strong>vulgus</strong></span> <span class='ocrx_word' id='word_1_737' title='bbox 1659 2203 1722 2231; x_wconf 85' lang='lat' dir='ltr'><strong>spe-</strong></span> 
     </span>
    </p>
   </div>
   <div class='ocr_carea' id='block_1_93' title="bbox 928 2241 1716 2277">
    <p class='ocr_par' dir='ltr' id='par_1_93' title="bbox 928 2241 1716 2277">
     <span class='ocr_line' id='line_1_93' title="bbox 928 2241 1716 2277; baseline 0.005 -11"><span class='ocrx_word' id='word_1_738' title='bbox 928 2244 1013 2272; x_wconf 86' lang='lat' dir='ltr'><strong>ctare,</strong></span> <span class='ocrx_word' id='word_1_739' title='bbox 1041 2241 1084 2267; x_wconf 89' lang='lat' dir='ltr'><strong>vel</strong></span> <span class='ocrx_word' id='word_1_740' title='bbox 1101 2241 1125 2267; x_wconf 87' lang='lat' dir='ltr'><strong>ei</strong></span> <span class='ocrx_word' id='word_1_741' title='bbox 1152 2248 1259 2275; x_wconf 88' lang='lat' dir='ltr'><strong>parere,</strong></span> <span class='ocrx_word' id='word_1_742' title='bbox 1287 2241 1333 2268; x_wconf 88' lang='lat' dir='ltr'><strong>sed</strong></span> <span class='ocrx_word' id='word_1_743' title='bbox 1358 2242 1392 2269; x_wconf 89' lang='lat' dir='ltr'><strong>ab</strong></span> <span class='ocrx_word' id='word_1_744' title='bbox 1422 2249 1456 2269; x_wconf 89' lang='lat' dir='ltr'><strong>eo</strong></span> <span class='ocrx_word' id='word_1_745' title='bbox 1483 2243 1613 2276; x_wconf 86' lang='lat' dir='ltr'><strong>spectari,</strong></span> <span class='ocrx_word' id='word_1_746' title='bbox 1635 2243 1716 2277; x_wconf 86' lang='lat' dir='ltr'><strong>eique</strong></span> 
     </span>
    </p>
   </div>
   <div class='ocr_carea' id='block_1_94' title="bbox 929 2287 1722 2322">
    <p class='ocr_par' dir='ltr' id='par_1_94' title="bbox 929 2287 1722 2322">
     <span class='ocr_line' id='line_1_94' title="bbox 929 2287 1722 2322; baseline 0.006 -10"><span class='ocrx_word' id='word_1_747' title='bbox 929 2287 1072 2320; x_wconf 82' lang='lat' dir='ltr'><strong>imperare,</strong></span> <span class='ocrx_word' id='word_1_748' title='bbox 1083 2291 1164 2322; x_wconf 82' lang='lat' dir='ltr'><strong>atque</strong></span> <span class='ocrx_word' id='word_1_749' title='bbox 1177 2287 1239 2314; x_wconf 90' lang='lat' dir='ltr'><strong>inde</strong></span> <span class='ocrx_word' id='word_1_750' title='bbox 1248 2295 1344 2314; x_wconf 91' lang='lat' dir='ltr'><strong>nomen</strong></span> <span class='ocrx_word' id='word_1_751' title='bbox 1360 2293 1533 2322; x_wconf 82' lang='lat' dir='ltr'><strong>acceperunt,</strong></span> <span class='ocrx_word' id='word_1_752' title='bbox 1548 2289 1573 2316; x_wconf 89' lang='lat' dir='ltr'><strong>in</strong></span> <span class='ocrx_word' id='word_1_753' title='bbox 1584 2289 1722 2317; x_wconf 80' lang='lat' dir='ltr'><strong>libertatis</strong></span> 
     </span>
    </p>
   </div>
   <div class='ocr_carea' id='block_1_95' title="bbox 928 2329 1719 2370">
    <p class='ocr_par' dir='ltr' id='par_1_95' title="bbox 928 2329 1719 2370">
     <span class='ocr_line' id='line_1_95' title="bbox 928 2329 1719 2370; baseline 0.004 -10"><span class='ocrx_word' id='word_1_754' title='bbox 928 2332 1047 2366; x_wconf 74' lang='lat' dir='ltr'><strong>signum,</strong></span> <span class='ocrx_word' id='word_1_755' title='bbox 1078 2337 1108 2359; x_wconf 90' lang='lat' dir='ltr'><strong>ut</strong></span> <span class='ocrx_word' id='word_1_756' title='bbox 1135 2333 1275 2368; x_wconf 68' lang='lat' dir='ltr'><strong>demagogi</strong></span> <span class='ocrx_word' id='word_1_757' title='bbox 1313 2339 1488 2366; x_wconf 84' lang='lat' dir='ltr'><strong>vocarentur,</strong></span> <span class='ocrx_word' id='word_1_758' title='bbox 1519 2342 1572 2362; x_wconf 87' lang='lat' dir='ltr'><strong>non</strong></span> <span class='ocrx_word' id='word_1_759' title='bbox 1601 2329 1673 2370; x_wconf 77' lang='lat' dir='ltr'><strong>quod</strong></span> <span class='ocrx_word' id='word_1_760' title='bbox 1704 2345 1719 2363; x_wconf 79' lang='grc' dir='ltr'><strong>ιι</strong></span> 
     </span>
    </p>
   </div>
   <div class='ocr_carea' id='block_1_96' title="bbox 927 2377 1720 2412">
    <p class='ocr_par' dir='ltr' id='par_1_96' title="bbox 927 2377 1720 2412">
     <span class='ocr_line' id='line_1_96' title="bbox 927 2377 1720 2412; baseline 0.005 -8"><span class='ocrx_word' id='word_1_761' title='bbox 927 2377 1026 2412; x_wconf 89' lang='lat' dir='ltr'><strong>popqu</strong></span> <span class='ocrx_word' id='word_1_762' title='bbox 1043 2378 1190 2410; x_wconf 89' lang='lat' dir='ltr'><strong>ducuntur,</strong></span> <span class='ocrx_word' id='word_1_763' title='bbox 1204 2386 1220 2404; x_wconf 87' lang='grc' dir='ltr'><strong>ο</strong></span> <span class='ocrx_word' id='word_1_764' title='bbox 1233 2379 1279 2412; x_wconf 89' lang='lat' dir='ltr'><strong>qui</strong></span> <span class='ocrx_word' id='word_1_765' title='bbox 1297 2387 1405 2406; x_wconf 85' lang='lat' dir='ltr'><strong>sursum</strong></span> <span class='ocrx_word' id='word_1_766' title='bbox 1424 2382 1514 2407; x_wconf 87' lang='lat' dir='ltr'><strong>omnia</strong></span> <span class='ocrx_word' id='word_1_767' title='bbox 1530 2388 1562 2408; x_wconf 87' lang='lat' dir='ltr'><strong>ac</strong></span> <span class='ocrx_word' id='word_1_768' title='bbox 1591 2381 1720 2410; x_wconf 83' lang='lat' dir='ltr'><strong>deorsum</strong></span> 
     </span>
    </p>
   </div>
   <div class='ocr_carea' id='block_1_97' title="bbox 928 2424 1725 2461">
    <p class='ocr_par' dir='ltr' id='par_1_97' title="bbox 928 2424 1725 2461">
     <span class='ocr_line' id='line_1_97' title="bbox 928 2424 1725 2461; baseline 0.006 -11"><span class='ocrx_word' id='word_1_769' title='bbox 928 2424 1051 2456; x_wconf 86' lang='lat' dir='ltr'><strong>invertis,</strong></span> <span class='ocrx_word' id='word_1_770' title='bbox 1073 2425 1120 2452; x_wconf 87' lang='lat' dir='ltr'><strong>sed</strong></span> <span class='ocrx_word' id='word_1_771' title='bbox 1135 2424 1206 2458; x_wconf 90' lang='lat' dir='ltr'><strong>quod</strong></span> <span class='ocrx_word' id='word_1_772' title='bbox 1233 2432 1295 2452; x_wconf 89' lang='lat' dir='ltr'><strong>eum</strong></span> <span class='ocrx_word' id='word_1_773' title='bbox 1313 2425 1436 2459; x_wconf 81' lang='lat' dir='ltr'><strong>ducunt,</strong></span> <span class='ocrx_word' id='word_1_774' title='bbox 1449 2427 1675 2461; x_wconf 82' lang='lat' dir='ltr'><strong>quemadmodum</strong></span> <span class='ocrx_word' id='word_1_775' title='bbox 1696 2432 1725 2455; x_wconf 87' lang='lat' dir='ltr'><strong>et</strong></span> 
     </span>
    </p>
   </div>
   <div class='ocr_carea' id='block_1_98' title="bbox 79 2462 876 2506">
    <p class='ocr_par' dir='ltr' id='par_1_98' title="bbox 79 2468 876 2505">
     <span class='ocr_line' id='line_1_98' title="bbox 79 2468 876 2505; baseline -0.005 -8"><span class='ocrx_word' id='word_1_776' title='bbox 79 2479 145 2501; x_wconf 88' lang='grc' dir='ltr'>τους</span> <span class='ocrx_word' id='word_1_777' title='bbox 157 2471 181 2486; x_wconf 77' lang='grc'><strong>⁵⁸</strong></span> <span class='ocrx_word' id='word_1_778' title='bbox 191 2479 197 2485; x_wconf 90' lang='grc'><strong><em>“</em></strong></span> <span class='ocrx_word' id='word_1_779' title='bbox 212 2470 268 2496; x_wconf 78' lang='grc' dir='ltr'>οὐδ’</span> <span class='ocrx_word' id='word_1_780' title='bbox 281 2470 442 2505; x_wconf 76' lang='grc' dir='ltr'>ἀρχομένοις</span> <span class='ocrx_word' id='word_1_781' title='bbox 453 2469 507 2496; x_wconf 69' lang='grc' dir='ltr'>ὑπὸ</span> <span class='ocrx_word' id='word_1_782' title='bbox 523 2469 578 2495; x_wconf 84' lang='grc' dir='ltr'><strong>τῶν</strong></span> <span class='ocrx_word' id='word_1_783' title='bbox 594 2468 707 2495; x_wconf 83' lang='grc' dir='ltr'>ἰδιωτῶν</span> <span class='ocrx_word' id='word_1_784' title='bbox 720 2468 828 2499; x_wconf 78' lang='grc' dir='ltr'>ἑαυτοῖς</span> <span class='ocrx_word' id='word_1_785' title='bbox 842 2468 876 2501; x_wconf 79' lang='grc'><strong>⁸⁷,</strong></span> 
     </span>
    </p>
   </div>
   <div class='ocr_carea' id='block_1_99' title="bbox 930 2462 1724 2506">
    <p class='ocr_par' dir='ltr' id='par_1_99' title="bbox 931 2470 1724 2506">
     <span class='ocr_line' id='line_1_99' title="bbox 931 2470 1724 2506; baseline 0.004 -9"><span class='ocrx_word' id='word_1_786' title='bbox 931 2470 1100 2504; x_wconf 65' lang='lat' dir='ltr'><strong>paedagogos,</strong></span> <span class='ocrx_word' id='word_1_787' title='bbox 1116 2470 1222 2504; x_wconf 87' lang='lat' dir='ltr'><strong>opinor,</strong></span> <span class='ocrx_word' id='word_1_788' title='bbox 1234 2470 1412 2505; x_wconf 85' lang='lat' dir='ltr'><strong>appellamus,</strong></span> <span class='ocrx_word' id='word_1_789' title='bbox 1425 2479 1477 2498; x_wconf 92' lang='lat' dir='ltr'><strong>non</strong></span> <span class='ocrx_word' id='word_1_790' title='bbox 1493 2473 1538 2506; x_wconf 91' lang='lat' dir='ltr'><strong>qui</strong></span> <span class='ocrx_word' id='word_1_791' title='bbox 1557 2473 1649 2506; x_wconf 89' lang='lat' dir='ltr'><strong>pueris</strong></span> <span class='ocrx_word' id='word_1_792' title='bbox 1663 2480 1724 2500; x_wconf 84' lang='lat' dir='ltr'><strong>ser-</strong></span> 
     </span>
    </p>
   </div>
   <div class='ocr_carea' id='block_1_100' title="bbox 81 2514 877 2551">
    <p class='ocr_par' dir='ltr' id='par_1_100' title="bbox 81 2514 877 2551">
     <span class='ocr_line' id='line_1_100' title="bbox 81 2514 877 2551; baseline -0.004 -8"><span class='ocrx_word' id='word_1_793' title='bbox 81 2517 139 2543; x_wconf 80' lang='grc' dir='ltr'>ἁλλ¹</span> <span class='ocrx_word' id='word_1_794' title='bbox 150 2516 280 2551; x_wconf 74' lang='grc' dir='ltr'>ἄρχουσιν</span> <span class='ocrx_word' id='word_1_795' title='bbox 289 2516 378 2547; x_wconf 80' lang='grc' dir='ltr'>αὐτοῖς</span> <span class='ocrx_word' id='word_1_796' title='bbox 390 2516 444 2541; x_wconf 84' lang='grc' dir='ltr'>τῶν</span> <span class='ocrx_word' id='word_1_797' title='bbox 459 2515 574 2542; x_wconf 85' lang='grc' dir='ltr'>πολλῶν,</span> <span class='ocrx_word' id='word_1_798' title='bbox 587 2514 642 2540; x_wconf 74' lang='grc' dir='ltr'><strong>Καὶ</strong></span> <span class='ocrx_word' id='word_1_799' title='bbox 655 2514 703 2550; x_wconf 75' lang='grc' dir='ltr'>τὴν</span> <span class='ocrx_word' id='word_1_800' title='bbox 718 2514 877 2548; x_wconf 79' lang='grc' dir='ltr'>ἐπωνυμίαν</span> 
     </span>
    </p>
   </div>
   <div class='ocr_carea' id='block_1_101' title="bbox 80 2562 878 2599">
    <p class='ocr_par' dir='ltr' id='par_1_101' title="bbox 80 2562 878 2599">
     <span class='ocr_line' id='line_1_101' title="bbox 80 2562 878 2599; baseline -0.006 -7"><span class='ocrx_word' id='word_1_801' title='bbox 80 2566 126 2593; x_wconf 69' lang='grc' dir='ltr'><strong>διὰ</strong></span> <span class='ocrx_word' id='word_1_802' title='bbox 151 2565 233 2591; x_wconf 81' lang='grc' dir='ltr'>τοῦτο</span> <span class='ocrx_word' id='word_1_803' title='bbox 257 2564 385 2599; x_wconf 71' lang='grc' dir='ltr'>εἰλήφασι</span> <span class='ocrx_word' id='word_1_804' title='bbox 404 2563 468 2598; x_wconf 83' lang='grc' dir='ltr'>παρ’</span> <span class='ocrx_word' id='word_1_805' title='bbox 489 2563 579 2590; x_wconf 72' lang='grc' dir='ltr'>αὐτῶν</span> <span class='ocrx_word' id='word_1_806' title='bbox 605 2563 661 2589; x_wconf 80' lang='grc' dir='ltr'>ἀντ’</span> <span class='ocrx_word' id='word_1_807' title='bbox 679 2562 758 2589; x_wconf 73' lang='grc' dir='ltr'>ἄλλον</span> <span class='ocrx_word' id='word_1_808' title='bbox 776 2562 878 2597; x_wconf 77' lang='grc' dir='ltr'>συμϐό-</span> 
     </span>
    </p>
   </div>
   <div class='ocr_carea' id='block_1_102' title="bbox 931 2515 1722 2552">
    <p class='ocr_par' dir='ltr' id='par_1_102' title="bbox 931 2515 1722 2552">
     <span class='ocr_line' id='line_1_102' title="bbox 931 2515 1722 2552; baseline 0.003 -10"><span class='ocrx_word' id='word_1_809' title='bbox 931 2516 1016 2549; x_wconf 82' lang='lat' dir='ltr'><strong>viant,</strong></span> <span class='ocrx_word' id='word_1_810' title='bbox 1035 2515 1082 2543; x_wconf 89' lang='lat' dir='ltr'><strong>sed</strong></span> <span class='ocrx_word' id='word_1_811' title='bbox 1100 2516 1146 2550; x_wconf 88' lang='lat' dir='ltr'><strong>qui</strong></span> <span class='ocrx_word' id='word_1_812' title='bbox 1169 2523 1216 2543; x_wconf 92' lang='lat' dir='ltr'><strong>eos</strong></span> <span class='ocrx_word' id='word_1_813' title='bbox 1235 2517 1347 2545; x_wconf 79' lang='lat' dir='ltr'><strong>ducant.</strong></span> <span class='ocrx_word' id='word_1_814' title='bbox 1376 2517 1511 2552; x_wconf 84' lang='lat' dir='ltr'><strong>Quidquid</strong></span> <span class='ocrx_word' id='word_1_815' title='bbox 1529 2519 1600 2546; x_wconf 85' lang='lat' dir='ltr'><strong>enim</strong></span> <span class='ocrx_word' id='word_1_816' title='bbox 1626 2519 1722 2545; x_wconf 87' lang='lat' dir='ltr'><strong>horum</strong></span> 
     </span>
    </p>
   </div>
   <div class='ocr_carea' id='block_1_103' title="bbox 931 2562 1720 2600">
    <p class='ocr_par' dir='ltr' id='par_1_103' title="bbox 931 2562 1720 2600">
     <span class='ocr_line' id='line_1_103' title="bbox 931 2562 1720 2600; baseline 0.004 -11"><span class='ocrx_word' id='word_1_817' title='bbox 931 2562 1045 2595; x_wconf 82' lang='lat' dir='ltr'><strong>dixeris,</strong></span> <span class='ocrx_word' id='word_1_818' title='bbox 1058 2562 1195 2598; x_wconf 91' lang='lat' dir='ltr'><strong>princeps,</strong></span> <span class='ocrx_word' id='word_1_819' title='bbox 1210 2563 1368 2598; x_wconf 66' lang='lat' dir='ltr'><strong>praefectus,</strong></span> <span class='ocrx_word' id='word_1_820' title='bbox 1398 2570 1561 2600; x_wconf 68' lang='lat' dir='ltr'><strong>prseceptor,</strong></span> <span class='ocrx_word' id='word_1_821' title='bbox 1575 2565 1602 2592; x_wconf 92' lang='lat' dir='ltr'><strong>id</strong></span> <span class='ocrx_word' id='word_1_822' title='bbox 1619 2566 1720 2593; x_wconf 82' lang='lat' dir='ltr'><strong>oratori</strong></span> 
     </span>
    </p>
   </div>
   <div class='ocr_carea' id='block_1_104' title="bbox 727 2655 1073 2685">
    <p class='ocr_par' dir='ltr' id='par_1_104' title="bbox 727 2655 1073 2685">
     <span class='ocr_line' id='line_1_104' title="bbox 727 2655 1073 2685; baseline 0.003 -2"><span class='ocrx_word' id='word_1_823' title='bbox 727 2656 846 2684; x_wconf 74' lang='lat' dir='ltr'><strong>VARI/E</strong></span> <span class='ocrx_word' id='word_1_824' title='bbox 865 2655 1073 2685; x_wconf 80' lang='lat' dir='ltr'><strong>LECTIONES.</strong></span> 
     </span>
    </p>
   </div>
   <div class='ocr_carea' id='block_1_105' title="bbox 115 2712 759 2774">
    <p class='ocr_par' dir='ltr' id='par_1_105' title="bbox 115 2712 759 2774">
     <span class='ocr_line' id='line_1_105' title="bbox 115 2712 759 2774; baseline -0.002 -34"><span class='ocrx_word' id='word_1_825' title='bbox 115 2715 140 2731; x_wconf 74' lang='grc'><strong>⁸⁸³</strong></span> <span class='ocrx_word' id='word_1_826' title='bbox 152 2714 201 2748; x_wconf 75' lang='grc' dir='ltr'>τὴν</span> <span class='ocrx_word' id='word_1_827' title='bbox 216 2713 363 2749; x_wconf 81' lang='grc' dir='ltr'>ῥητορικὴν</span> <span class='ocrx_word' id='word_1_828' title='bbox 380 2720 436 2741; x_wconf 84' lang='lat' dir='ltr'><strong>om.</strong></span> <span class='ocrx_word' id='word_1_829' title='bbox 454 2712 484 2741; x_wconf 80' lang='grc' dir='ltr'><strong>ϐ.</strong></span> <span class='ocrx_word' id='word_1_830' title='bbox 517 2713 540 2729; x_wconf 70' lang='grc' dir='ltr'><strong>⁸ο</strong></span> <span class='ocrx_word' id='word_1_831' title='bbox 555 2713 720 2774; x_wconf 68' lang='grc' dir='ltr'>προάγοντες</span> <span class='ocrx_word' id='word_1_832' title='bbox 729 2722 759 2745; x_wconf 80' lang='grc' dir='ltr'><strong>ς’.</strong></span> 
     </span>
     <span class='ocr_line' id='line_1_106' title="bbox 115 2746 759 2774; baseline 0 0"><span class='ocrx_word' id='word_1_833' title='bbox 115 2758 136 2774; x_wconf 76' lang='lat'><strong>1.</strong></span> <span class='ocrx_word' id='word_1_834' title='bbox 153 2748 209 2774; x_wconf 85' lang='lat' dir='ltr'><strong>AC.</strong></span> <span class='ocrx_word' id='word_1_835' title='bbox 223 2748 389 2774; x_wconf 70' lang='lat' dir='ltr'><strong>letznntur&#39;n.</strong></span> <span class='ocrx_word' id='word_1_836' title='bbox 403 2748 449 2774; x_wconf 71' lang='grc'><strong>64.</strong></span> <span class='ocrx_word' id='word_1_837' title='bbox 485 2748 545 2765; x_wconf 76' lang='grc'><strong>⁸⁵⁸⁸⁸</strong></span> <span class='ocrx_word' id='word_1_838' title='bbox 557 2757 572 2774; x_wconf 88' lang='grc' dir='ltr'><strong>τ</strong></span> <span class='ocrx_word' id='word_1_839' title='bbox 598 2748 626 2774; x_wconf 80' lang='grc' dir='ltr'>δὲ</span> <span class='ocrx_word' id='word_1_840' title='bbox 637 2750 675 2774; x_wconf 83' lang='grc' dir='ltr'><strong>(υ.</strong></span> <span class='ocrx_word' id='word_1_841' title='bbox 689 2746 759 2774; x_wconf 78' lang='lat' dir='ltr'><strong>69i—</strong></span> 
     </span>
    </p>
   </div>
   <div class='ocr_carea' id='block_1_106' title="bbox 80 2748 572 2799">
    <p class='ocr_par' dir='ltr' id='par_1_106' title="bbox 80 2748 572 2799">
     <span class='ocr_line' id='line_1_107' title="bbox 80 2748 572 2799; baseline -0.026 6"><span class='ocrx_word' id='word_1_842' title='bbox 80 2758 136 2799; x_wconf 76' lang='lat' dir='ltr'><strong>‘&quot;I&#39;-</strong></span> <span class='ocrx_word' id='word_1_843' title='bbox 153 2748 209 2776; x_wconf 70' lang='grc' dir='ltr'><strong>Αο·</strong></span> <span class='ocrx_word' id='word_1_844' title='bbox 223 2748 390 2799; x_wconf 46' lang='lat' dir='ltr'><strong>“svras;</strong></span> <span class='ocrx_word' id='word_1_845' title='bbox 403 2748 449 2775; x_wconf 65' lang='grc' dir='ltr'><strong>σι·</strong></span> <span class='ocrx_word' id='word_1_846' title='bbox 461 2783 472 2791; x_wconf 87' lang='grc'><em>.</em></span> <span class='ocrx_word' id='word_1_847' title='bbox 557 2757 572 2774; x_wconf 86' lang='grc' dir='ltr'><strong>τ</strong></span> 
     </span>
    </p>
   </div>
   <div class='ocr_carea' id='block_1_107' title="bbox 263 2783 889 2815">
    <p class='ocr_par' dir='ltr' id='par_1_107' title="bbox 263 2783 889 2815">
     <span class='ocr_line' id='line_1_108' title="bbox 263 2783 889 2815; baseline -0.003 -4"><span class='ocrx_word' id='word_1_848' title='bbox 263 2784 310 2799; x_wconf 80' lang='grc'><strong>³³⁷⁹</strong></span> <span class='ocrx_word' id='word_1_849' title='bbox 322 2783 434 2810; x_wconf 76' lang='grc' dir='ltr'>ἀλλὰ-</span> <span class='ocrx_word' id='word_1_850' title='bbox 444 2783 531 2815; x_wconf 76' lang='grc' dir='ltr'>οὕτως</span> <span class='ocrx_word' id='word_1_851' title='bbox 558 2791 612 2810; x_wconf 84' lang='lat' dir='ltr'><strong>om.</strong></span> <span class='ocrx_word' id='word_1_852' title='bbox 626 2786 659 2811; x_wconf 86' lang='lat' dir='ltr'><strong>A.</strong></span> <span class='ocrx_word' id='word_1_853' title='bbox 697 2784 718 2799; x_wconf 69' lang='grc' dir='ltr'>τί</span> <span class='ocrx_word' id='word_1_854' title='bbox 731 2783 764 2810; x_wconf 85' lang='grc' dir='ltr'><strong>ἃν</strong></span> <span class='ocrx_word' id='word_1_855' title='bbox 777 2791 832 2810; x_wconf 82' lang='lat' dir='ltr'><strong>om.</strong></span> <span class='ocrx_word' id='word_1_856' title='bbox 858 2786 889 2809; x_wconf 89' lang='lat' dir='ltr'><strong>A.</strong></span> 
     </span>
    </p>
   </div>
   <div class='ocr_carea' id='block_1_108' title="bbox 80 2785 583 2850">
    <p class='ocr_par' dir='ltr' id='par_1_108' title="bbox 80 2785 583 2850">
     <span class='ocr_line' id='line_1_109' title="bbox 80 2785 583 2835; baseline -0.002 -25"><span class='ocrx_word' id='word_1_857' title='bbox 80 2785 169 2835; x_wconf 72' lang='grc' dir='ltr'>μένης</span> <span class='ocrx_word' id='word_1_858' title='bbox 181 2793 212 2816; x_wconf 86' lang='grc' dir='ltr'>ς.</span> <span class='ocrx_word' id='word_1_859' title='bbox 250 2785 310 2799; x_wconf 76' lang='grc'><strong><em>⁵³³⁷⁹</em></strong></span> <span class='ocrx_word' id='word_1_860' title='bbox 322 2785 434 2826; x_wconf 62' lang='grc' dir='ltr'>ἀλλᾲ-</span> <span class='ocrx_word' id='word_1_861' title='bbox 444 2785 531 2815; x_wconf 75' lang='grc' dir='ltr'>οὕτως</span> <span class='ocrx_word' id='word_1_862' title='bbox 558 2791 583 2809; x_wconf 81' lang='lat' dir='ltr'><strong>nt</strong></span> 
     </span>
     <span class='ocr_line' id='line_1_110' title="bbox 92 2818 583 2850; baseline 0 -4"><span class='ocrx_word' id='word_1_863' title='bbox 92 2820 103 2835; x_wconf 86' lang='grc'><strong><em>⁸</em></strong></span> <span class='ocrx_word' id='word_1_864' title='bbox 120 2819 205 2850; x_wconf 74' lang='grc' dir='ltr'>ὦστις</span> <span class='ocrx_word' id='word_1_865' title='bbox 216 2819 249 2845; x_wconf 75' lang='grc' dir='ltr'><strong>Δ.</strong></span> <span class='ocrx_word' id='word_1_866' title='bbox 288 2818 310 2834; x_wconf 80' lang='grc'><strong>⁷⁸</strong></span> <span class='ocrx_word' id='word_1_867' title='bbox 326 2818 407 2850; x_wconf 81' lang='grc' dir='ltr'>ευθυς</span> <span class='ocrx_word' id='word_1_868' title='bbox 422 2827 478 2846; x_wconf 88' lang='lat' dir='ltr'><strong>om.</strong></span> <span class='ocrx_word' id='word_1_869' title='bbox 495 2821 526 2846; x_wconf 87' lang='grc' dir='ltr'><strong>Α.</strong></span> <span class='ocrx_word' id='word_1_870' title='bbox 561 2819 583 2834; x_wconf 86' lang='grc'><strong>⁷⁷</strong></span> 
     </span>
    </p>
   </div>
   <div class='ocr_carea' id='block_1_109' title="bbox 82 2853 572 2890">
    <p class='ocr_par' dir='ltr' id='par_1_109' title="bbox 82 2853 572 2890">
     <span class='ocr_line' id='line_1_111' title="bbox 82 2853 572 2890; baseline 0.002 -10"><span class='ocrx_word' id='word_1_871' title='bbox 82 2853 256 2890; x_wconf 75' lang='grc' dir='ltr'>βουλεύονται</span> <span class='ocrx_word' id='word_1_872' title='bbox 358 2854 419 2890; x_wconf 18' lang='grc' dir='ltr'>δῖογεί</span> <span class='ocrx_word' id='word_1_873' title='bbox 432 2853 472 2890; x_wconf 81' lang='grc' dir='ltr'><strong>δὲ]</strong></span> <span class='ocrx_word' id='word_1_874' title='bbox 487 2861 513 2888; x_wconf 84' lang='lat' dir='ltr'><strong>p.</strong></span> <span class='ocrx_word' id='word_1_875' title='bbox 528 2854 572 2881; x_wconf 72' lang='grc'><strong>74.</strong></span> 
     </span>
    </p>
   </div>
   <div class='ocr_carea' id='block_1_110' title="bbox 798 2713 968 2731">
    <p class='ocr_par' dir='ltr' id='par_1_110' title="bbox 798 2713 968 2731">
     <span class='ocr_line' id='line_1_112' title="bbox 798 2713 968 2731; baseline 0 -3"><span class='ocrx_word' id='word_1_876' title='bbox 798 2713 819 2728; x_wconf 77' lang='grc' dir='ltr'><strong>σι</strong></span> <span class='ocrx_word' id='word_1_877' title='bbox 836 2713 851 2731; x_wconf 67' lang='grc' dir='ltr'><strong>Α</strong></span> <span class='ocrx_word' id='word_1_878' title='bbox 869 2713 926 2731; x_wconf 60' lang='grc' dir='ltr'><strong>Λίξξ.</strong></span> <span class='ocrx_word' id='word_1_879' title='bbox 943 2714 968 2731; x_wconf 67' lang='grc' dir='ltr'><strong>,ν’</strong></span> 
     </span>
    </p>
   </div>
   <div class='ocr_carea' id='block_1_111' title="bbox 598 2712 1721 2786">
    <p class='ocr_par' dir='ltr' id='par_1_111' title="bbox 598 2712 1721 2786">
     <span class='ocr_line' id='line_1_113' title="bbox 598 2712 1721 2750; baseline 0.002 -11"><span class='ocrx_word' id='word_1_880' title='bbox 598 2713 720 2747; x_wconf 62' lang='grc' dir='ltr'>σάγοντες</span> <span class='ocrx_word' id='word_1_881' title='bbox 729 2722 759 2745; x_wconf 80' lang='grc' dir='ltr'><strong>ς’.</strong></span> <span class='ocrx_word' id='word_1_882' title='bbox 798 2713 819 2728; x_wconf 83' lang='grc'><strong>⁶¹</strong></span> <span class='ocrx_word' id='word_1_883' title='bbox 836 2713 851 2738; x_wconf 81' lang='grc' dir='ltr'><strong><em>ὁ</em></strong></span> <span class='ocrx_word' id='word_1_884' title='bbox 866 2712 926 2746; x_wconf 71' lang='grc' dir='ltr'><strong>Λῦξε</strong></span> <span class='ocrx_word' id='word_1_885' title='bbox 943 2714 973 2739; x_wconf 79' lang='grc' dir='ltr'>οὺ</span> <span class='ocrx_word' id='word_1_886' title='bbox 986 2723 1017 2746; x_wconf 85' lang='grc' dir='ltr'>ς.</span> <span class='ocrx_word' id='word_1_887' title='bbox 1055 2713 1077 2730; x_wconf 83' lang='grc'><strong>⁶¹</strong></span> <span class='ocrx_word' id='word_1_888' title='bbox 1090 2713 1139 2749; x_wconf 87' lang='grc' dir='ltr'>οὐχ</span> <span class='ocrx_word' id='word_1_889' title='bbox 1201 2712 1231 2740; x_wconf 78' lang='grc' dir='ltr'><strong>οὗ</strong></span> <span class='ocrx_word' id='word_1_890' title='bbox 1243 2714 1275 2742; x_wconf 85' lang='grc' dir='ltr'><strong>Α.</strong></span> <span class='ocrx_word' id='word_1_891' title='bbox 1314 2714 1375 2733; x_wconf 71' lang='grc'><strong><em>⁸³⁸⁸⁸</em></strong></span> <span class='ocrx_word' id='word_1_892' title='bbox 1389 2714 1420 2742; x_wconf 75' lang='grc' dir='ltr'><strong>τὸ</strong></span> <span class='ocrx_word' id='word_1_893' title='bbox 1432 2714 1721 2749; x_wconf 75' lang='grc' dir='ltr'>μέλλον-ἐκλέγοντες</span> 
     </span>
     <span class='ocr_line' id='line_1_114' title="bbox 598 2746 1721 2786; baseline 0.002 -12"><span class='ocrx_word' id='word_1_894' title='bbox 598 2748 626 2774; x_wconf 80' lang='grc' dir='ltr'>δὲ</span> <span class='ocrx_word' id='word_1_895' title='bbox 637 2750 675 2783; x_wconf 86' lang='lat' dir='ltr'><strong>(p.</strong></span> <span class='ocrx_word' id='word_1_896' title='bbox 689 2746 924 2786; x_wconf 59' lang='lat' dir='ltr'><strong>Q9)_—0aup.a&#39;t§etg</strong></span> <span class='ocrx_word' id='word_1_897' title='bbox 934 2756 990 2786; x_wconf 61' lang='lat' dir='ltr'><strong>om:</strong></span> <span class='ocrx_word' id='word_1_898' title='bbox 1072 2748 1171 2786; x_wconf 58' lang='grc' dir='ltr'><strong>⁸⁷χὰρ]</strong></span> <span class='ocrx_word' id='word_1_899' title='bbox 1186 2749 1207 2775; x_wconf 81' lang='grc' dir='ltr'>δ’</span> <span class='ocrx_word' id='word_1_900' title='bbox 1222 2750 1254 2786; x_wconf 52' lang='grc' dir='ltr'><strong>Αἶ</strong></span> <span class='ocrx_word' id='word_1_901' title='bbox 1291 2750 1314 2766; x_wconf 70' lang='grc'>⁸⁸</span> <span class='ocrx_word' id='word_1_902' title='bbox 1334 2750 1523 2785; x_wconf 80' lang='grc' dir='ltr'>στοχασαμένη</span> <span class='ocrx_word' id='word_1_903' title='bbox 1590 2750 1721 2786; x_wconf 81' lang='grc' dir='ltr'>στοχαζο-</span> 
     </span>
    </p>
   </div>
   <div class='ocr_carea' id='block_1_112' title="bbox 1055 2709 1722 2750">
    <p class='ocr_par' dir='ltr' id='par_1_112' title="bbox 1055 2709 1722 2750">
     <span class='ocr_line' id='line_1_115' title="bbox 1055 2709 1722 2750; baseline 0.003 -11"><span class='ocrx_word' id='word_1_904' title='bbox 1055 2713 1077 2730; x_wconf 82' lang='grc'><strong>⁶¹</strong></span> <span class='ocrx_word' id='word_1_905' title='bbox 1090 2713 1139 2750; x_wconf 84' lang='grc' dir='ltr'>οὐχ</span> <span class='ocrx_word' id='word_1_906' title='bbox 1201 2709 1231 2750; x_wconf 75' lang='grc' dir='ltr'><strong>οὗ</strong></span> <span class='ocrx_word' id='word_1_907' title='bbox 1243 2714 1275 2742; x_wconf 85' lang='grc' dir='ltr'><strong>Α.</strong></span> <span class='ocrx_word' id='word_1_908' title='bbox 1314 2714 1375 2733; x_wconf 71' lang='grc'><strong><em>⁸³⁸⁸⁸</em></strong></span> <span class='ocrx_word' id='word_1_909' title='bbox 1389 2714 1420 2742; x_wconf 75' lang='grc' dir='ltr'><strong>τὸ</strong></span> <span class='ocrx_word' id='word_1_910' title='bbox 1432 2714 1722 2749; x_wconf 75' lang='grc' dir='ltr'>μέλλον-ἐκλέγοντες</span> 
     </span>
    </p>
   </div>
   <div class='ocr_carea' id='block_1_113' title="bbox 939 2783 1720 2818">
    <p class='ocr_par' dir='ltr' id='par_1_113' title="bbox 939 2783 1720 2818">
     <span class='ocr_line' id='line_1_116' title="bbox 939 2783 1720 2818; baseline 0.006 -9"><span class='ocrx_word' id='word_1_911' title='bbox 939 2783 1027 2816; x_wconf 68' lang='grc' dir='ltr'>ηὸτι]</span> <span class='ocrx_word' id='word_1_912' title='bbox 1052 2792 1078 2818; x_wconf 90' lang='lat' dir='ltr'><strong>p.</strong></span> <span class='ocrx_word' id='word_1_913' title='bbox 1095 2784 1139 2811; x_wconf 91' lang='lat'><strong>70.</strong></span> <span class='ocrx_word' id='word_1_914' title='bbox 1162 2783 1171 2786; x_wconf 79' lang='grc'><strong>”’</strong></span> <span class='ocrx_word' id='word_1_915' title='bbox 1189 2786 1212 2803; x_wconf 79' lang='grc'><strong>⁷³</strong></span> <span class='ocrx_word' id='word_1_916' title='bbox 1235 2785 1302 2816; x_wconf 79' lang='grc' dir='ltr'>ὅλως</span> <span class='ocrx_word' id='word_1_917' title='bbox 1329 2783 1435 2811; x_wconf 55' lang='grc' dir='ltr'><strong>οηιΪΑ.</strong></span> <span class='ocrx_word' id='word_1_918' title='bbox 1456 2783 1461 2785; x_wconf 66' lang='grc'><strong><em>’</em></strong></span> <span class='ocrx_word' id='word_1_919' title='bbox 1486 2783 1662 2818; x_wconf 73' lang='grc' dir='ltr'>’δὲλέγξειεν</span> <span class='ocrx_word' id='word_1_920' title='bbox 1685 2786 1720 2814; x_wconf 83' lang='grc' dir='ltr'><strong>Α.</strong></span> 
     </span>
    </p>
   </div>
   <div class='ocr_carea' id='block_1_114' title="bbox 600 2817 1719 2854">
    <p class='ocr_par' dir='ltr' id='par_1_114' title="bbox 600 2817 1719 2854">
     <span class='ocr_line' id='line_1_117' title="bbox 600 2817 1719 2854; baseline 0.001 -9"><span class='ocrx_word' id='word_1_921' title='bbox 600 2819 668 2854; x_wconf 78' lang='grc' dir='ltr'>μήτε</span> <span class='ocrx_word' id='word_1_922' title='bbox 684 2819 759 2854; x_wconf 54' lang='grc' dir='ltr'>τοὺς,</span> <span class='ocrx_word' id='word_1_923' title='bbox 796 2817 820 2834; x_wconf 74' lang='grc'><strong>⁷⁸</strong></span> <span class='ocrx_word' id='word_1_924' title='bbox 836 2818 959 2850; x_wconf 82' lang='grc' dir='ltr'>σκοπεῖν]</span> <span class='ocrx_word' id='word_1_925' title='bbox 977 2818 1039 2854; x_wconf 84' lang='grc' dir='ltr'>μήθ’</span> <span class='ocrx_word' id='word_1_926' title='bbox 1053 2817 1078 2846; x_wconf 86' lang='grc' dir='ltr'>οἱ</span> <span class='ocrx_word' id='word_1_927' title='bbox 1096 2820 1211 2854; x_wconf 76' lang='grc' dir='ltr'>ῥήτορες</span> <span class='ocrx_word' id='word_1_928' title='bbox 1234 2820 1298 2847; x_wconf 82' lang='grc' dir='ltr'>ἄλλο</span> <span class='ocrx_word' id='word_1_929' title='bbox 1315 2820 1426 2846; x_wconf 87' lang='grc' dir='ltr'>σκοπεῖν</span> <span class='ocrx_word' id='word_1_930' title='bbox 1436 2820 1468 2854; x_wconf 77' lang='grc' dir='ltr'><strong>ᾼ.</strong></span> <span class='ocrx_word' id='word_1_931' title='bbox 1507 2820 1530 2836; x_wconf 75' lang='grc'><strong><em>⁷³</em></strong></span> <span class='ocrx_word' id='word_1_932' title='bbox 1545 2817 1719 2854; x_wconf 61' lang='grc' dir='ltr'>λογίσασθαί*</span> 
     </span>
    </p>
   </div>
   <div class='ocr_carea' id='block_1_115' title="bbox 609 2853 1016 2889">
    <p class='ocr_par' dir='ltr' id='par_1_115' title="bbox 609 2853 1016 2889">
     <span class='ocr_line' id='line_1_118' title="bbox 609 2853 1016 2889; baseline 0.005 -9"><span class='ocrx_word' id='word_1_933' title='bbox 609 2855 631 2870; x_wconf 80' lang='grc'><strong>⁸¹</strong></span> <span class='ocrx_word' id='word_1_934' title='bbox 648 2853 758 2888; x_wconf 74' lang='grc' dir='ltr'>αὐτοὺς]</span> <span class='ocrx_word' id='word_1_935' title='bbox 774 2853 836 2885; x_wconf 80' lang='grc' dir='ltr'>τοὺς</span> <span class='ocrx_word' id='word_1_936' title='bbox 850 2854 967 2889; x_wconf 73' lang='grc' dir='ltr'>ῥήτορας</span> <span class='ocrx_word' id='word_1_937' title='bbox 983 2853 1016 2882; x_wconf 64' lang='lat' dir='ltr'><strong>AL</strong></span> 
     </span>
    </p>
   </div>
   <div class='ocr_carea' id='block_1_116' title="bbox 1055 2853 1706 2893">
    <p class='ocr_par' dir='ltr' id='par_1_116' title="bbox 1055 2853 1706 2893">
     <span class='ocr_line' id='line_1_119' title="bbox 1055 2853 1706 2893; baseline 0.002 -11"><span class='ocrx_word' id='word_1_938' title='bbox 1055 2853 1190 2893; x_wconf 51' lang='lat' dir='ltr'><strong>&quot;Scisti-1</strong></span> <span class='ocrx_word' id='word_1_939' title='bbox 1210 2855 1312 2886; x_wconf 75' lang='grc' dir='ltr'>ἀδικεῖς</span> <span class='ocrx_word' id='word_1_940' title='bbox 1331 2855 1364 2883; x_wconf 72' lang='grc' dir='ltr'><strong>Α.</strong></span> <span class='ocrx_word' id='word_1_941' title='bbox 1402 2853 1464 2874; x_wconf 60' lang='grc'><strong>⁸³³⁸</strong></span> <span class='ocrx_word' id='word_1_942' title='bbox 1477 2856 1502 2882; x_wconf 84' lang='grc' dir='ltr'>εἰ</span> <span class='ocrx_word' id='word_1_943' title='bbox 1521 2855 1550 2882; x_wconf 75' lang='grc' dir='ltr'>δὲ</span> <span class='ocrx_word' id='word_1_944' title='bbox 1565 2853 1599 2876; x_wconf 48' lang='lat'><strong><em>4</em></strong></span> <span class='ocrx_word' id='word_1_945' title='bbox 1611 2856 1706 2890; x_wconf 76' lang='grc' dir='ltr'>φρονεῖ</span> 
     </span>
    </p>
   </div>
   <div class='ocr_carea' id='block_1_117' title="bbox 82 2888 929 2921">
    <p class='ocr_par' dir='ltr' id='par_1_117' title="bbox 82 2888 929 2921">
     <span class='ocr_line' id='line_1_120' title="bbox 82 2888 929 2921; baseline -0.001 -4"><span class='ocrx_word' id='word_1_946' title='bbox 82 2897 138 2918; x_wconf 86' lang='lat' dir='ltr'><strong>om.</strong></span> <span class='ocrx_word' id='word_1_947' title='bbox 148 2890 182 2917; x_wconf 81' lang='grc' dir='ltr'><strong>Δ.</strong></span> <span class='ocrx_word' id='word_1_948' title='bbox 222 2889 244 2904; x_wconf 82' lang='grc'><strong>³⁸</strong></span> <span class='ocrx_word' id='word_1_949' title='bbox 255 2888 326 2915; x_wconf 78' lang='grc' dir='ltr'>οὐδὲ.</span> <span class='ocrx_word' id='word_1_950' title='bbox 365 2889 388 2906; x_wconf 80' lang='grc'><strong>⁸⁸</strong></span> <span class='ocrx_word' id='word_1_951' title='bbox 399 2888 512 2921; x_wconf 73' lang='grc' dir='ltr'>τούτους</span> <span class='ocrx_word' id='word_1_952' title='bbox 526 2896 581 2917; x_wconf 81' lang='grc' dir='ltr'>οιιι.</span> <span class='ocrx_word' id='word_1_953' title='bbox 596 2889 629 2916; x_wconf 75' lang='grc' dir='ltr'><strong>Α.</strong></span> <span class='ocrx_word' id='word_1_954' title='bbox 667 2889 691 2906; x_wconf 80' lang='grc'><strong><em>³⁷</em></strong></span> <span class='ocrx_word' id='word_1_955' title='bbox 708 2889 813 2921; x_wconf 77' lang='grc' dir='ltr'>ἑαυτοῖς</span> <span class='ocrx_word' id='word_1_956' title='bbox 827 2897 882 2917; x_wconf 87' lang='lat' dir='ltr'><strong>om.</strong></span> <span class='ocrx_word' id='word_1_957' title='bbox 898 2890 929 2916; x_wconf 73' lang='grc' dir='ltr'><strong>Α.</strong></span> 
     </span>
    </p>
   </div>
  </div>
