1923 3093
183 151 252 184 1533

770 148 901 178 ΡΠΟΤΙΙ
918 148 1172 179 PATRIARCHrE
1185 148 1239 178 ΟΡ.

1752 145 1826 178 1504

181 207 335 240 conveniet,
356 211 436 241 atque
444 205 503 240 ejus
520 205 572 232 erit
585 212 695 234 nomen.
707 204 740 232 Et
754 212 849 232 omnes
863 205 974 240 quidem

1054 213 1072 230 ιυ
1087 204 1110 220 ⁸⁸
1127 204 1277 240 μαρτύριον
1294 203 1344 238 τῆς
1365 202 1500 236 ἐξουσίας,
1515 202 1588 237 λέγω
1599 202 1647 238 τὴν
1659 202 1714 229 τῶν
1730 203 1826 246 δημαγ-

181 255 319 289 principes
342 258 436 280 natura
458 251 588 284 subjectis
609 252 665 278 suis
679 255 835 286 prmstaut;
858 251 880 278 si
910 252 973 285 quis

181 304 270 326 autent
284 299 310 326 in
327 302 461 333 potestate
477 298 559 325 etiam
580 297 761 332 gratiﬁcatur.
777 301 803 323 et
819 296 975 330 persuadet,

1026 249 1196 283 γωγῶν,οὺκ
1215 249 1309 284 ἐπειδή
1331 255 1385 284 περ
1411 248 1464 275 ὑπὸ
1483 248 1539 274 τῶν
1553 248 1646 283 δήμων
1660 249 1785 282 ἄγονται,
1799 245 1826 276 ὣ

1025 295 1115 322 πάντα
1128 295 1184 322 ἂνω
1208 295 1256 322 καὶ
1286 295 1363 322 κάτω
1385 294 1482 327 ποιῶν,
1498 294 1556 320 ἀλλ’
1578 295 1619 321 ὅτι
1642 296 1706 326 τοὺς
1720 295 1827 330 δήμους

182 352 234 371 nor.
251 344 332 378 .ogit,
345 348 427 378 atque
441 343 509 370 ultra
525 343 641 370 ollicium
659 350 749 375 suum,
768 343 850 370 etiam
864 350 974 370 suorum

1054 350 1148 374 φυσιν,
1161 340 1256 375 ὥσπερ
1268 341 1300 376 δὴ
1311 340 1358 368 καὶ
1384 341 1447 373 τοὺς
1463 341 1657 375 παιδαγωγοὺς
1676 339 1755 375 οἶμαι
1775 350 1828 368 κα-

182 389 356 424 cnpiditatem
393 393 508 423 spectat,
539 388 584 416 hic
612 393 654 416 est
682 396 747 415 vere
780 389 911 424 politicus
932 388 977 416 ille

1054 387 1126 423 νῦμεν
1136 388 1186 414 οὐκ
1202 387 1297 422 ἐπειδή
1324 395 1378 422 περ
1394 387 1612 414 ὑποπεπτώκασι
1639 388 1694 418 τοῖς
1715 387 1827 418 παισὶν,

182 434 304 461 Ποιηῦτῖ-
1026 432 1084 459 ἀλλ’
1097 432 1138 459 ὃτι
1160 432 1253 463 αὐτοῖς
1276 432 1417 467 ἡγοῦνται.
1437 433 1471 459 Ὅ
1496 441 1523 459 τι
1541 433 1597 467 γὰρ
1614 432 1647 459 ἂν
1662 433 1757 468 φαίης,
1775 433 1829 468 ἁρ-

184 480 276 516 μόττει
301 479 331 506 rb
354 479 476 506 τοιοῦτον
502 479 617 506 ἀκοῦσαι
635 479 657 495 ⁸⁸
679 478 718 514 τῷ
742 478 849 515 ῥήτορι,
867 478 976 513 ἄρχων,
997 478 1163 513 προστάτης,
1179 477 1348 509 διδάσκαλος.
1373 477 1465 504 Πάντα
1485 477 1573 505 ταῦτά
1585 478 1608 494 ⁹⁰
1629 479 1687 504 ἐστι
1710 477 1758 504 τοῦ
1779 479 1830 513 ρή-

182 534 261 561 τορος
275 526 310 552 τὰ
322 525 450 561 ὀνόματα.
467 526 570 557 Πάντες
580 526 602 542 ⁸⁸
621 526 671 561 μὲν
679 523 725 552 οὖν
756 525 887 560 ἄρχοντες
910 526 939 551 ὲν
969 524 1071 561 ἑκάστῃ
1097 525 1197 560 πράξει
1217 524 1358 559 κρείττους
1375 524 1455 558 φύσει
1472 524 1526 550 τῶν
1546 523 1592 558 ὑφ’
1612 525 1719 556 ἑαυτοῖς
1731 525 1772 539 ⁸⁸·
1801 524 1829 550 εί.

183 571 212 598 δέ
223 580 265 602 τις
289 572 346 606 μετ’
367 571 489 603 ἐξουσίας
502 571 550 598 καὶ
568 571 711 606 χαρίζεται
725 571 838 604 πείθων,
863 571 914 597 οὐκ
935 570 1109 604 ἀναγκάζων,
1140 571 1187 597 καὶ
1211 570 1281 606 πρὸς
1309 570 1349 605 τῷ
1367 570 1390 586 ’³
1408 569 1505 602 σώζειν
1516 569 1566 605 τὴν
1585 570 1668 597 αὑτοῦ
1696 570 1721 586 ’⁸
1750 570 1830 602 τάξιν

185 618 347 653 στοχάζεται
371 619 419 644 καὶ
453 618 505 653 τῆς
524 618 673 653 ἐπιθυμίας
703 618 753 653 τῆς
771 617 827 644 τῶν
842 617 886 652 ὑφ’
898 616 998 652 ἑαυτῷ,
1019 613 1095 648 οὗτος
1117 617 1222 648 ἐκεῖνός
1241 618 1315 643 ἐστιν
1331 617 1345 642 ὁ
1365 616 1404 651 τῷ
1419 616 1476 643 ὄντι
1490 617 1639 648 πολιτικός.

220 663 259 692 Ne
274 664 354 698 igitur
370 668 494 691 oratores
511 672 557 698 per
565 665 717 691 convicium
731 663 878 700 gratiﬁcari
890 664 976 694 dicas.

187 710 234 738 sed
254 711 321 736 bene
336 710 451 737 dicendo
470 710 584 744 gratiam
613 717 721 744 quoque
747 715 870 745 captare,
898 714 979 743 atque

189 757 225 783 ita
256 755 380 782 meritam
413 756 519 783 Iaudem
547 756 690 784 rhetoricae
721 756 834 789 tribues,
868 755 976 791 ιιᾷὺ

188 807 302 835 eamque
321 800 454 827 similibus
471 801 689 828 remuneraheris
708 800 816 828 ciliciis.
837 800 980 834 Quomodo

189 853 254 880 ergo
272 846 370 881 aliquis
388 850 442 873 tam
466 847 549 874 variis
575 846 665 880 populi
696 847 842 874 sententiis
866 847 978 879 serviet,

1065 661 1112 697 Μὴ
1124 661 1155 697 δὴ
1169 662 1192 678 ⁸⁵
1206 661 1284 688 τοῦτο
1300 661 1364 696 λέγε
1381 661 1419 692 ὡς
1443 661 1545 693 ὄνειδος
1554 661 1626 688 κατὰ
1637 661 1691 687 τῶν
1702 661 1833 696 ῥητόρων
1843 694 1854 703 .

1030 707 1237 743 εἰχαρίζονται,
1255 707 1311 734 ἀλλ’
1332 708 1356 734 εἰ
1375 707 1444 743 μετὰ
1465 706 1520 734 τοῦ
1544 708 1684 744 βελτίστου
1709 711 1759 735 καὶ
1780 710 1833 744 τῆς

1031 753 1142 789 χάριτος
1159 754 1346 788 στοχάζονται.
1374 754 1429 780 Καὶ
1444 753 1516 781 κατὰ
1529 754 1609 780 τοῦτο
1626 754 1725 786 ἀπόδος
1739 756 1774 791 τῇ
1787 757 1835 790 ρη-

1030 800 1125 834 τορικῇ
1140 799 1190 835 τὴν
1209 799 1368 835 πρέπουσαν
1383 799 1532 834 εὐφημίαν,
1556 799 1600 826 ἵνα
1615 800 1638 816 ’³
1650 802 1706 832 τοῖς
1725 801 1835 835 ὁμοίοις

1031 845 1115 881 αὐτὴν
1127 845 1312 880 ἀμειϐόμενος
1344 845 1457 880 φανεὶης
1472 846 1506 873 ³⁷.
1524 845 1586 877 Πῶς
1602 845 1631 872 δέ
1651 855 1693 878 τις
1711 848 1760 874 καὶ
1773 847 1836 874 δια-

189 896 237 918 aut
251 892 388 927 quomodo
421 893 619 927 cupiditatibus
647 893 764 920 aliorum
794 893 980 927 obsequetur?

1054 891 1178 926 ονήσεται
1193 891 1306 927 μυρίαις
1333 892 1456 926 γνώμαις
1469 891 1556 926 δήμου
1578 893 1624 918 καὶ
1638 892 1768 927 ἀλλήλαις
1786 902 1839 928 μι-

189 936 336 971 Postquam
353 937 425 964 enim
456 937 547 965 multis
577 939 752 965 serviendum
777 943 829 970 est,
851 938 868 965 ii
889 942 979 965 autem

191 990 243 1009 non
250 983 423 1010 consentiunt
435 983 506 1010 inter
521 991 560 1016 se,
575 991 624 1011 nec
635 984 762 1011 omnibus
771 984 866 1011 eadem
878 984 983 1011 rrtione

191 1028 337 1062 gratiﬁcari
354 1029 496 1064 quisquam
509 1030 605 1064 possit,
619 1030 756 1064 quomodo
773 1030 872 1063 poterit
888 1037 983 1057 eormn

191 1073 298 1102 libidini
318 1079 412 1102 orator
429 1076 558 1102 servire?
586 1075 668 1103 simul
698 1075 770 1102 cnim
794 1081 821 1102 et
841 1076 883 1103 his
899 1076 983 1111 grati-

193 1120 329 1152 llcahitur,
346 1125 374 1147 et
388 1120 448 1147 illos
459 1119 588 1148 offendet.
604 1120 696 1156 Itaque
711 1129 764 1148 non
781 1125 835 1148 tam
852 1121 985 1156 jucunda,

192 1174 272 1200 quam
305 1166 418 1194 molesta
433 1167 485 1194 erit.
514 1168 572 1202 ejus
597 1168 697 1195 oratio.
720 1166 856 1201 Qquirca
881 1167 902 1193 si
919 1173 980 1201 per-

193 1212 330 1240 suasionis
363 1212 487 1241 eﬂ‘ectrix
515 1218 558 1241 est
581 1214 732 1245 rhetorica,
764 1218 791 1240 et
820 1214 986 1248 persuadere

193 1260 294 1286 debent
326 1265 462 1293 oratores,
493 1268 545 1287 non
574 1260 732 1294 adulantur,
761 1260 985 1295 quandoquidem

194 1305 360 1333 multitudini
381 1315 434 1334 non
456 1307 589 1340 serviunt,
604 1306 652 1335 sed
679 1307 703 1334 ei
731 1307 908 1341 persuadent.
938 1305 986 1333 Sin

195 1355 318 1377 oratores
339 1351 430 1384 populi
447 1356 600 1386 sequuntur
618 1351 772 1382 libidinem.
789 1355 907 1379 nonest
924 1358 988 1385 per—

196 1393 332 1424 suasionis
353 1397 475 1424 effectrix
504 1398 652 1430 rhelorica,
690 1397 915 1432 quandoquidem
941 1404 990 1423 eos

198 1450 212 1469 a
231 1442 404 1470 multitudine
433 1444 603 1478 persuaderi,
635 1451 688 1470 non
717 1443 790 1477 ipsos
825 1443 991 1478 persuadere

199 1488 288 1515 docet.
306 1488 425 1515 Proinde
443 1489 488 1516 tibi
505 1489 540 1516 sit
563 1484 735 1516 méudaeium
755 1489 911 1529 considera.
945 1488 991 1514 Et-

198 1533 270 1561 enim
289 1533 366 1561 Plato
376 1535 453 1562 nobis
469 1534 608 1562 Platonem
625 1535 736 1565 refutat,
753 1539 781 1562 et
794 1536 865 1569 quod
877 1539 920 1563 est
934 1542 991 1561 ma-

199 1579 313 1612 ximum,
332 1587 384 1607 non
401 1581 504 1615 procul,
519 1589 610 1608 vermn
627 1581 653 1608 in
671 1581 713 1608 his
729 1581 795 1614 ipsis
816 1581 991 1608 sermonibus

198 1625 340 1659 permiste.
357 1625 412 1653 Nec
428 1627 499 1654 inter
513 1627 580 1654 alias
597 1632 681 1660 artes,
706 1634 776 1661 quas
792 1627 873 1654 modo
889 1635 993 1654 memo-

201 1673 307 1704 rabam,
322 1673 358 1700 sit
386 1673 553 1700 reccusenda
567 1682 573 1706 ;
587 1673 634 1700 sed
659 1678 686 1700 et
705 1673 851 1707 plurimum
880 1673 994 1701 rationis

161 1750 164 1754 '
202 1719 310 1746 habeat.
325 1723 372 1745 aut
392 1719 482 1753 potius
497 1724 553 1746 tota
571 1719 677 1746 ratione
704 1724 825 1749 constet.
852 1724 879 1745 et
907 1719 994 1746 maxi-

202 1772 286 1797 mum,
302 1766 429 1800 primum,
447 1772 478 1792 ac
501 1764 729 1798 perfectissimum
748 1765 784 1792 sit
802 1765 828 1791 in
842 1765 922 1791 rebus
941 1765 994 1791 hu-

203 1811 301 1844 manis,
316 1812 458 1846 omnisque
473 1811 538 1843 voti,
560 1816 590 1838 ut
605 1811 642 1838 ita
654 1811 754 1844 dicant,
773 1811 845 1838 linis.
861 1811 995 1838 Existimo

204 1856 286 1890 igitur
302 1865 396 1885 omnes
430 1858 467 1889 id,
492 1858 648 1892 quicunque
676 1863 802 1892 possunt,
835 1865 996 1885 assensor-os

203 1910 275 1935 esse,
290 1911 343 1931 non
362 1904 456 1931 eadem
475 1910 571 1931 natura
589 1904 714 1932 homines
735 1912 796 1931 esse
812 1909 900 1936 natos,
919 1904 965 1931 sed
981 1911 996 1931 e

205 1951 310 1978 duabus
323 1952 443 1985 partibus
460 1959 467 1978 :
483 1951 595 1978 alterum
612 1951 664 1978 vim
687 1951 797 1984 inferre,
815 1955 843 1978 et
856 1951 942 1978 aliena
957 1951 998 1977 in-

206 1997 303 2024 vadere
319 1997 418 2029 solere,
443 2006 525 2032 quatit
545 1998 762 2032 priestautiorem
785 1996 847 2031 quis
881 1996 994 2027 dixerit,

205 2049 258 2068 non
267 2042 375 2076 quidem
390 2042 490 2069 virtute
502 2042 549 2069 sed
562 2042 667 2069 viribus
681 2049 687 2068 :
706 2042 818 2069 alteram
836 2048 901 2068 vero
912 2041 995 2074 vinci,

204 2092 232 2115 et
247 2095 307 2115 cum
323 2087 467 2122 prohibere
486 2093 612 2121 nequeat,
628 2088 741 2114 invitam
762 2088 923 2120 concedere,
936 2095 998 2122 qua:

205 2139 247 2160 est
272 2133 492 2161 imbecilliorum.
516 2134 573 2161 llac
592 2141 657 2168 ergo
686 2134 719 2160 de
749 2141 831 2160 causa
860 2134 996 2166 homines,

205 2179 247 2207 vel
261 2181 296 2207 dii
314 2181 452 2207 hominum
469 2182 565 2216 gratia,
585 2180 639 2207 tale
655 2180 720 2215 quid
738 2180 912 2211 invenerunt,
925 2180 998 2214 quod

206 2229 234 2252 et
251 2226 305 2253 vim
320 2227 471 2260 cohiberet,
488 2231 516 2254 et
536 2227 674 2261 aequitatis
697 2227 823 2253 eumiltus
842 2233 872 2252 ac
885 2225 998 2260 iustitia:

207 2273 303 2308 pignus
323 2280 405 2307 esset,
425 2274 551 2309 idemque
572 2279 625 2300 tam
649 2273 730 2308 vulgo
751 2273 894 2307 prodesset
915 2281 996 2307 quam

209 2319 242 2345 iis
256 2320 301 2354 qui
321 2320 373 2346 vim
388 2321 579 2347 excercebant.
596 2319 662 2346 Nam
684 2327 733 2346 nec
751 2320 778 2346 hi
795 2327 904 2346 suarum
921 2324 1001 2346 erant

209 2364 369 2398 iujuriarnm
385 2367 539 2393 mercedem
551 2365 672 2396 evasuri,
697 2365 761 2399 quin
776 2365 1001 2392 imbecillioribus

210 2418 224 2437 a
246 2418 275 2438 se
302 2411 416 2438 invicem
436 2413 552 2446 primum
575 2412 705 2446 paulatim
735 2411 897 2443 interfectis,
920 2415 1002 2444 atque

211 2457 245 2483 ita
263 2457 375 2492 reliquis
390 2465 499 2492 semper
519 2458 643 2490 sublatis,
660 2465 690 2484 se
712 2462 806 2484 mutuo
828 2457 944 2491 denique
961 2456 1002 2483 in-

210 2503 350 2535 vaderent,
360 2505 584 2537 quemadmodum
595 2505 627 2530 de
636 2503 741 2538 Spartis
749 2502 857 2537 legitur,
871 2502 920 2529 nisi
933 2501 1001 2529 forte

210 2549 262 2576 hoc
277 2549 360 2576 etiam
379 2551 483 2577 indicat
498 2550 600 2577 fabula.

1035 936 1165 970 χομέναις
1178 937 1238 967 ταῖς
1254 936 1277 952 ’⁸
1287 936 1448 971 ἐπιθυμίαις
1460 945 1468 969 ;
1484 936 1570 963 ’Ὅταν
1580 937 1636 970 γὰρ
1648 937 1695 972 δέῃ
1709 938 1761 972 μὲν
1777 938 1838 964 δια-

1035 982 1123 1007 κονεῖν
1139 981 1257 1014 πολλοῖς,
1271 978 1345 1008 οὗτοι
1358 982 1381 1008 δ’
1401 981 1438 1013 ὡς
1456 981 1493 1017 μὴ
1509 983 1580 1008 κατὰ
1589 982 1675 1009 ταύτὰ
1684 983 1838 1016 γινώσκον-

1034 1036 1091 1060 τες,
1106 1028 1174 1054 πᾶσι
1189 1027 1217 1054 δὲ
1238 1028 1379 1062 ἀμήχανον
1408 1028 1464 1059 τοῖς
1494 1028 1627 1059 τοιούτοις
1647 1028 1712 1064 [675
1730 1028 1779 1065 Η.]
1803 1030 1838 1056 ἐκ

1035 1073 1090 1100 τῶν
1104 1073 1194 1101 αὐτῶν
1221 1074 1256 1101 τὰ
1277 1073 1345 1100 αὐτὰ
1362 1074 1385 1090 θ’
1406 1074 1577 1109 χαρίζεσθαι,
1596 1073 1678 1110 [1249
1699 1074 1746 1110 IL]
1775 1075 1838 1107 πῶς

1036 1118 1083 1146 οὖν
1102 1121 1115 1146 ὁ
1131 1121 1225 1155 ῥήτωρ
1261 1119 1426 1154 θεραπεύσει
1449 1119 1500 1151 τὰς
1521 1119 1668 1154 ἐπιθυμίας
1691 1121 1700 1136 ί
1724 1120 1836 1153 αὑτῶνς

1037 1166 1096 1201 ἅμα
1126 1167 1182 1202 γὰρ
1211 1168 1349 1202 χαριεῖται
1374 1167 1429 1197 τοῖς
1446 1166 1555 1201 ἑτέροις
1569 1167 1616 1193 καὶ
1641 1167 1704 1198 τοὺς
1722 1167 1839 1202 ἑτέρους

1038 1213 1158 1244 ἀνιάσει,
1171 1213 1242 1240 ὥστε
1261 1214 1291 1239 οὐ
1312 1213 1413 1248 μᾶλλον
1428 1213 1497 1249 πρὸς
1511 1214 1610 1249 ἡδονὴν
1620 1214 1637 1248 ἢ
1654 1214 1724 1249 πρὸς
1736 1214 1839 1248 ἀηδίαν

1039 1260 1106 1294 ἐρεῖ.
1133 1258 1240 1286 Οὐκοῦν
1255 1261 1265 1275 ¹
1280 1260 1304 1286 εἰ
1328 1260 1376 1295 μὲν
1391 1260 1408 1295 ὴ
1423 1260 1556 1295 ῥητορικὴ
1577 1260 1689 1291 πειθοῦς
1703 1260 1842 1294 δημιουρ-

1039 1307 1087 1340 γὸς
1104 1306 1152 1333 καὶ
1168 1306 1198 1333 τὸ
1217 1306 1324 1333 πείθειν
1351 1305 1407 1333 τῶν
1437 1305 1571 1341 ρητόρων,
1589 1306 1620 1332 οὐ
1639 1306 1840 1334 κολακεύουσιν

1040 1353 1250 1387 οίρήτορεςοού
1282 1352 1337 1387 γὰρ
1363 1351 1519 1378 διακονοῦσι
1544 1353 1600 1382 τοῖς
1625 1351 1744 1384 πολλοῖς,
1769 1352 1842 1379 ἀλλὰ

1042 1399 1191 1425 πείθουσιν.
1205 1399 1236 1424 Εἰ
1246 1398 1268 1425 δ’
1283 1399 1308 1424 οἱ
1321 1398 1436 1433 ῥήτορες
1448 1397 1482 1424 τὰ
1501 1397 1632 1424 δοκοῦντα
1644 1398 1755 1431 λέγουσι
1782 1399 1843 1429 τοῖς

1041 1446 1160 1477 πολλοῖς,
1175 1445 1205 1471 οὺ
1223 1445 1418 1480 δημιουργὸςὴ
1440 1445 1573 1481 ῥητορικὴ
1592 1445 1704 1476 πειθοῦς
1717 1453 1725 1459 ·
1744 1444 1843 1471 πειθο-

1045 1492 1141 1526 μένους
1159 1491 1212 1526 γὰρ
1226 1492 1282 1522 τοῖς
1302 1491 1421 1522 πολλοῖς,
1442 1491 1500 1518 ἀλλ’
1514 1491 1544 1517 οὐ
1561 1490 1703 1523 πείθοντας
1719 1491 1846 1526 παρέχε-

1044 1546 1100 1564 ται.
1114 1536 1186 1572 Πρὸς
1210 1536 1297 1563 ταῦτα
1323 1535 1382 1562 ἑλοῦ
1399 1535 1549 1571 ὀποτὲρωθι
1560 1535 1589 1562 rb
1603 1535 1710 1570 ψεῦδος.
1725 1535 1845 1562 Πλάτων

1045 1583 1175 1619 γὰρήμῖν
1202 1583 1309 1617 ἐλέγχει
1343 1582 1486 1615 Πλάτωνα,
1515 1582 1561 1609 καὶ
1589 1582 1619 1609 τὸ
1639 1582 1795 1614 κάλλιπον,
1811 1582 1846 1608 οὒ

1047 1629 1200 1665 πόρρωθεν,
1216 1629 1273 1655 ἀλλ’
1285 1629 1318 1655 ὲκ
1334 1628 1389 1655 τῶν
1409 1628 1500 1655 αὐτῶν
1515 1629 1525 1644 ³
1541 1628 1590 1655 καὶ
1603 1629 1660 1659 τοῖς
1673 1628 1766 1657 αὐτοῖς
1779 1628 1849 1654 τού-

1045 1684 1101 1706 τοις
1117 1675 1208 1709 λόγοις
1221 1673 1333 1710 ἀναμίξ.
1360 1674 1428 1701 Οὐδὲ
1455 1674 1514 1709 μεθ’
1531 1673 1542 1689 ⁴
1557 1671 1594 1700 ὧν
1607 1674 1709 1709 ἀρτίως
1725 1673 1849 1709 διεξῄειν

1045 1720 1149 1756 τεχνῶν
1165 1718 1236 1747 εἶναι
1254 1720 1309 1746 τῶν
1340 1719 1457 1751 πολλῶν,
1488 1719 1556 1747 ἀλλὰ
1582 1720 1630 1747 καὶ
1643 1720 1653 1735 ⁵
1670 1719 1722 1755 [ὃτι
1739 1719 1847 1756 τοίνυν]

1047 1767 1173 1793 πλεῖστον
1186 1766 1265 1800 λόγου
1279 1767 1394 1802 μετέχον
1409 1767 1426 1801 ή
1441 1766 1583 1802 ῥητορικὴ,
1598 1766 1697 1800 μᾶλλον
1707 1766 1731 1792 δ’
1747 1766 1824 1793 ἅπαν
1837 1767 1849 1782 ⁸

1047 1814 1075 1839 ἐν
1092 1813 1191 1846 λόγοις,
1205 1812 1254 1839 καὶ
1262 1813 1389 1847 μέγιστον
1400 1813 1448 1839 καὶ
1463 1812 1570 1847 πρῶτον
1581 1811 1636 1838 τῶν
1646 1812 1675 1838 ὲν
1687 1811 1850 1847 ἀνθρώποις

1047 1859 1095 1885 καὶ
1109 1858 1280 1885 τελεώτατον
1295 1859 1342 1885 καὶ
1359 1858 1458 1894 πέρας,
1474 1859 1498 1884 εί
1521 1855 1578 1885 οἷόν
1592 1858 1616 1884 τ’
1631 1858 1732 1888 εἰπεῖν,
1749 1858 1848 1892 εὐχῆς,

1047 1904 1123 1937 ἄξιον
1143 1904 1239 1936 δεῖξαι.
1257 1903 1341 1940 Οἶμαι
1355 1905 1364 1920 ⁷
1379 1905 1469 1932 τοίνυν
1501 1904 1624 1936 ἅπαντας
1653 1903 1686 1931 ἂν
1702 1904 1725 1937 ’⁸,
1742 1902 1784 1935 οἷς
1798 1905 1850 1931 δυ-

1048 1950 1139 1982 νατὸν,
1157 1950 1302 1985 συμφῆσαι
1318 1950 1347 1976 τὸ
1361 1950 1398 1985 μὴ
1414 1951 1474 1976 κατ’
1484 1950 1554 1977 αὐτὰ
1568 1950 1649 1984 φῦναι
1659 1950 1723 1981 τοὺς
1738 1949 1850 1984 ἀνθρώ-

1049 2004 1126 2028 πους,
1144 1995 1213 2023 ἀλλὰ
1223 1995 1295 2023 δυοῖν
1313 1996 1323 2011 ⁹
1341 1996 1473 2031 μερίδοιν,
1494 1995 1543 2031 τὴν
1557 1995 1606 2031 μὲν
1627 1995 1686 2022 οἵαν
1702 1995 1848 2030 βιάζεσθαι

1049 2043 1097 2070 καὶ
1112 2042 1286 2069 πλεονεκτεῖν
1304 2040 1374 2069 εἶναι
1392 2043 1425 2075 ⁵⁸,
1451 2043 1484 2078 ἢν
1501 2043 1556 2069 τῶν
1576 2041 1741 2077 κρειττόνων
1755 2050 1799 2072 τις
1813 2041 1848 2068 ἂν

1049 2090 1131 2121 εἴποι,
1145 2089 1217 2124 λέγω
1232 2090 1255 2116 δ’
1276 2089 1325 2116 οὑκ
1346 2090 1431 2125 ἀρετῇ
1451 2088 1606 2124 βελτιόνων,
1627 2088 1685 2115 ἀλλ’
1707 2087 1849 2122 ἰσχυροτέ-

1054 2143 1108 2170 ρων
1122 2135 1154 2167 “¹,
1167 2134 1218 2170 τὴν
1234 2135 1262 2162 δὲ
1277 2136 1336 2162 οἵαν
1350 2135 1527 2162 ἐλαττοῦσθαι
1542 2135 1590 2161 καὶ
1603 2135 1680 2169 παρὰ
1697 2135 1718 2149 ¹¹
1732 2133 1849 2169 γνώμην

1052 2182 1204 2217 συγχωρεῖν
1220 2182 1334 2217 ἀπειρίᾳ
1348 2181 1396 2208 τοῦ
1410 2181 1538 2213 κωλύειν,
1554 2182 1587 2216 ἣν
1610 2181 1665 2207 τῶν
1684 2180 1849 2207 ἀσθενεστέ-

1014 2240 1036 2268 D
1054 2237 1107 2263 ρων
1120 2228 1202 2255 οὖσαν
1215 2228 1428 2263 γινώσκομενη.
1443 2227 1529 2254 Τοῦτο
1544 2226 1590 2254 οὖν
1601 2225 1670 2254 εἶναι
1683 2227 1705 2242 ¹⁸
1719 2226 1808 2254 αἴτιον
1818 2225 1850 2252 τὺ

1052 2275 1168 2308 ποιῆσαν
1187 2275 1277 2310 εὑρεῖν
1289 2283 1315 2301 τι
1328 2274 1452 2301 τοιοῦτον
1465 2274 1628 2309 ἀνθρώπους
1644 2275 1665 2290 ¹⁵
1673 2274 1745 2308 ὑπὲρ
1756 2273 1849 2300 αὐτῶν

1051 2321 1067 2355 ἢ
1084 2320 1163 2351 θεούς
1180 2329 1211 2354 γε
1227 2320 1298 2356 ὑπὲρ
1321 2321 1376 2347 τῶν
1390 2321 1413 2336 ¹⁸
1428 2320 1592 2356 ἀνθρώπων,
1611 2320 1625 2346 ὖ
1642 2319 1692 2354 τὴν
1706 2320 1757 2354 μὲν
1772 2320 1850 2354 ἰσχὺν

1052 2365 1207 2400 ὲπισχήσει,
1233 2364 1280 2391 τοῦ
1311 2365 1339 2391 δὲ
1368 2365 1425 2391 ἴσου
1450 2365 1497 2392 καὶ
1523 2364 1629 2391 δικαῖου
1649 2365 1733 2391 πᾶσιν
1752 2364 1849 2399 ὥσπερ

1054 2412 1181 2446 ἐνέχυρον
1192 2412 1350 2446 γενήσεται,
1362 2411 1459 2438 ταύτὸν
1471 2412 1527 2442 τοῖς
1541 2420 1571 2437 τε
1585 2411 1691 2441 πολλοῖς
1706 2410 1850 2445 συμφέρον

1054 2458 1102 2483 καὶ
1117 2457 1174 2488 τοῖς
1187 2456 1255 2492 πρὸς
1274 2456 1305 2483 rb
1324 2456 1467 2491 βιάζεσθαι
1495 2456 1646 2491 πεφυκόσιν
1663 2455 1766 2486 αὐτοῖς.
1784 2455 1850 2481 Οὐδὲ

1054 2502 1110 2538 γὰρ
1131 2503 1230 2529 ἐκεῖνοι
1258 2503 1369 2538 ἔμελλον
1402 2503 1582 2537 ἐκφεύξεσθαι
1604 2502 1658 2528 τῶν
1680 2501 1781 2527 ἀδίκων
1806 2500 1851 2526 καὶ

1054 2547 1150 2574 κακῶν
1173 2547 1263 2583 ἔργων
1290 2549 1451 2583 τάπίχειρα,
1479 2548 1548 2575 ἀλλὰ
1573 2548 1628 2574 τῶν
1643 2546 1851 2573 ἀσθενεστάτων

211 2597 327 2633 πρώτων
341 2599 539 2634 ἀναιρεθέντων
554 2598 642 2624 ἄλλων
654 2597 698 2624 ὑπ’
714 2596 802 2623 ἄλλων
820 2595 891 2622 κατὰ
905 2595 1003 2631 μικρὸν
1022 2595 1110 2627 οὕτως
1141 2596 1185 2622 ἀεὶ
1211 2596 1266 2623 τῶν
1287 2596 1388 2622 λοιπῶν
1410 2595 1651 2631 ὑπεξαιρουμένων
1675 2593 1772 2628 ἔμελλε
1809 2601 1849 2618 τε·

861 2653 978 2681 νΑιιιΑι
998 2652 1203 2681 ιΕΟἸ“ΙυΝΕ8.

247 2704 270 2720 ⁸⁸
286 2704 440 2739 συμϐούλου
455 2713 484 2736 ς.
515 2737 519 2739 _
537 2703 560 2719 ⁸³
577 2702 693 2729 ἀκοῦσαι
711 2711 764 2739 out.
778 2704 811 2730 A.

213 2739 237 2756 "
249 2737 346 2766 ἑαυτοῦ
365 2748 395 2771 ς’.
452 2741 474 2755 νδ
492 2737 528 2773 μὴ
540 2738 584 2773 δὴὶ
602 2747 627 2770 ι).
645 2739 688 2765 79.

865 2704 888 2719 εν)
906 2702 992 2728 ταῦτα
1006 2711 1060 2728 οιιι.
1075 2703 1108 2729 Α.

740 2738 798 2754 ""7
813 2738 1006 2771 ἴνα-φανείης
1024 2746 1078 2763 om.
1095 2739 1127 2764 A.

1160 2702 1182 2718 '1
1199 2701 1312 2737 πάντες]
1325 2709 1350 2735 p.
1367 2700 1412 2726 76,
1449 2700 1475 2737 ξ’
1493 2699 1593 2730 ὲαυτῆς
1607 2707 1653 2737 ς..
1675 2698 1699 2737 ξ³
1714 2696 1764 2733 τῷ]
1777 2697 1807 2723 τὸ

1190 2737 1249 2753 θδσυθ
1267 2733 1431 2768 ratis—:56:
1446 2735 1474 2761 δὲ
1492 2743 1544 2762 om.
1564 2736 1595 2760 A.
1647 2733 1655 2749 ¹
1674 2733 1773 2763 θεραπ.
1804 2733 1852 2768 τὰς

215 2774 287 2801 Eme.
301 2767 435 2809 χαριεῖται
448 2767 505 2805 ταῖς
520 2767 678 2807 ἐπιθυμίαις
693 2773 726 2800 Α.
762 2774 772 2789 ²
785 2767 935 2809 ορκοὶιιΓρ.
947 2767 1002 2799 80:
1028 2773 1038 2788 ³
1053 2772 1155 2809 αὐτῶν]
1171 2772 1260 2809 αὐτων
1275 2767 1362 2809 λόγων
1376 2773 1407 2798 Α.
1445 2770 1558 2809 δίε-οὐδὲ
1574 2768 1685 2809 μεθ’-ξι).
1700 2768 1729 2809 811
1738 2767 1852 2808 )-ς-ἀὶλὰ

215 2807 379 2836 καὶθιιιξΑ.
435 2809 444 2825 θ
458 2809 542 2844 ἅπαν]
562 2810 594 2835 αὑ
611 2809 664 2834 πᾶν
679 2809 711 2835 Α.
765 2809 774 2823 ⁷
792 2807 880 2842 οἶμαι]
896 2816 921 2844 p.
937 2808 983 2836 8|.

217 2879 308 2912 εὑρεῖν
329 2881 406 2915 ponit
425 2881 460 2908 Α.
515 2880 537 2896 ¹⁶
549 2879 603 2906 τῶν
618 2887 673 2907 om.
688 2879 721 2906 A.

1034 2809 1044 2824 ⁸
1059 2808 1105 2841 ἂν]
1119 2808 1169 2838 τὰς
1195 2807 1404 2842 ἀνθρώπουςςΑ.

215 2845 301 2880 κτεῖν.
341 2845 360 2860 ¹¹
380 2842 560 2880 ἰσχυροτέρων
573 2852 626 2871 oni.
645 2845 680 2870 A.‘
717 2844 774 2860 ¹¹·¹³
787 2845 833 2871 καὶ
848 2842 1131 2879 παρὰ-γινώσκομεν
1147 2850 1203 2871 om.
1228 2843 1260 2869 Δ.

1641 2805 1661 2819 ”
1681 2803 1727 2829 καὶ
1743 2803 1851 2828 πλεονε-

1571 2841 1592 2855 ¹⁵
1605 2838 1768 2874 ἀνθρώπους
1791 2842 1851 2865 ante

1456 2807 1466 2822 ⁰
1482 2806 1553 2832 δυεῖν
1571 2814 1600 2835 ς.

1313 2844 1334 2860 ’δ
1347 2840 1427 2873 εἶναι]
1444 2839 1478 2877 ἦν
1496 2841 1529 2868 Α.
