1923 3093
80 152 148 183 1505

71 208 230 241 λευτῶντας
260 208 360 240 αὐτοὺς
385 209 430 243 ὑφ’

71 255 207 282 νίττεται.

112 303 190 330 Ἔδει
216 302 249 334 δὴ
279 302 301 319 "
325 302 415 330 κοινόν
440 310 469 329 τι
495 302 642 338 φάρμακον
665 303 811 339 εὑρεθῆναι
824 307 864 340 τῷ
879 309 903 338 Α

73 348 159 382 γένει,
187 347 287 376 ταύτὸν
308 347 395 375 ἅπασι
418 349 571 384 συμφέρον,
585 350 642 381 τοῖς
660 349 792 385 ἰσχυροῖς,
815 351 873 382 τοῖς

71 395 179 431 ἥττοσι,
204 397 262 428 τοῖς
291 395 453 429 ἐπιεικέσιν,
476 396 514 428 ὡς
527 396 592 429 τοὺς
613 397 663 432 μὲν
677 397 694 432 ἢ
711 397 733 413 ¹⁸
749 396 872 425 κωλῦσαι

75 443 133 477 πρὸ
145 443 200 469 τῶν
227 442 437 478 ἀδικημάτωνῆ
465 443 532 478 παρ’
544 443 616 469 αὑτά
647 443 870 479 τιμωρήσασθαι,

72 490 131 520 τοῖς
145 488 174 515 δὲ
184 488 278 515 ἄδειαν
294 488 341 515 τοῦ
360 488 420 523 βίου
454 489 677 524 παρασκευάσαι,
698 490 755 521 τοῖς
777 489 806 515 δὲ
823 489 872 525 χά-

73 541 119 567 ριν
132 534 181 569 τὴν
195 533 366 568 πρέπουσαν,
386 533 444 560 ὅσοι
455 533 485 560 τὸ
501 533 606 561 δίκαιον
621 534 723 570 ἐτίμων
751 535 870 566 ἑκόντες.

73 579 184 615 Εύρέθη
198 579 289 606 τοίνυν
315 581 348 606 ὲκ
371 580 476 606 τούτων
502 580 646 616 ῥητορικὴ,
672 581 721 607 καὶ
745 581 871 616 παρῆλθε

71 627 261 662 φυλακτήριον
289 627 463 663 δικαιοσύνης
484 628 532 655 καὶ
561 627 710 663 σύνδεσμος
735 627 782 655 τοῦ
812 627 870 663 βίου

71 674 130 705 τοῖς
147 673 312 709 ἀνθρώποις,
341 674 416 706 ὅπως
445 674 483 709 μὴ
518 675 579 706 ταῖς
604 674 694 710 χερσὶ,
718 673 786 709 μηδὲ
815 675 871 706 τοῖς

71 718 178 750 ὅπλοις,
193 718 262 754 μηδὲ
278 719 317 754 τῷ
333 719 489 754 προλαϐεῖν¹
509 720 577 754 μηδὲ
607 719 704 755 πλήθει
717 720 764 747 καὶ
787 720 872 755 μεγέ-

72 765 115 791 θει
135 765 167 798 ³³,
184 765 246 800 μηδ’
259 765 333 800 ἀλλῳ
344 766 398 792 τῶν
415 766 516 793 ἀνίσων
542 767 638 801 μηδενὶ
654 767 676 783 ³⁸³
700 767 821 802 κρίνοιτο
834 767 870 794 τά

72 810 240 845 πράγματα,
270 811 328 837 ἀλλ’
350 812 364 838 ό
394 812 473 845 λόγος
494 812 525 839 τὸ
559 813 663 840 δίκαιον
697 813 740 847 ἐφ’
753 814 869 849 ἡσυχίας

71 856 185 892 διαιροῖ,
206 856 291 892 Ἀρχὴ
316 857 367 891 μὲν
391 855 437 884 οὖν
451 857 474 873 ²¹
487 857 556 893 αὕτη
578 858 626 885 καὶ
656 859 737 894 φύσις
757 861 869 895 ῥητορι-

73 902 138 937 κῆς,
166 903 214 930 καὶ
231 902 355 938 βούλημα
372 903 462 936 τοῦτο,
476 903 564 931 σῶσαι
582 905 687 937 πάντας
706 905 869 942 ἀνθρώπους

73 948 123 974 καὶ
139 947 189 983 τὴν
206 947 266 982 βίαν
276 949 321 974 διὰ
336 948 386 984 τῆς
400 949 512 982 πειθοῦς
523 949 696 978 ἀπώσασθαι.
707 951 833 979 Φαίνεται
845 953 867 968 ¹¹

606 151 873 181 BIBLlOTHEGA.
888 165 922 170 -·
942 152 1023 182 COD.
1039 152 1201 183 CCXLVII.

480 208 593 240 ἑαυτοὺς
628 209 733 243 ὲλθεῖν,
772 210 868 246 ὥσπερ
890 211 958 245 φασὶ
975 210 1038 242 τοὺς
1051 210 1202 244 σπαρτοὺς,
1216 209 1241 236 εἰ
1264 209 1319 245 ἄρα
1346 209 1394 236 καὶ
1411 210 1425 236 ὁ
1447 209 1532 245 μῦθος
1565 211 1645 239 τοῦτο
1679 214 1722 240 al-

1654 154 1722 187 1506

951 304 1102 332 Commune
1122 305 1258 340 quoddam
1275 305 1323 333 toti
1351 305 1442 340 generi
1461 306 1511 334 l‘uit
1527 305 1627 342 415a
1644 307 1722 335 inve-

926 350 1054 378 niendum
1081 351 1244 384 remedium,
1284 352 1357 386 quod
1372 353 1499 380 omnibus
1530 359 1603 381 eSset
1629 354 1717 382 utile:

924 395 1053 429 fortibus,
1074 396 1265 430 itnhecillibns,
1286 397 1379 432 justis,
1402 397 1438 424 ita
1454 402 1483 424 ut
1498 397 1535 425 illi
1558 398 1599 426 vel
1620 399 1719 433 injuste

924 450 1005 477 agere
1020 448 1188 477 vetarentur,
1205 443 1247 470 vel
1258 451 1319 471 cum
1333 443 1431 479 injuria
1447 445 1600 479 puniretur,
1617 445 1642 472 bi
1654 453 1718 473 vero

923 496 1020 517 secure
1045 490 1181 520 viverent.
1213 491 1343 525 postremi
1372 494 1462 517 autem
1493 495 1628 526 quotquot
1643 492 1715 519 ultro

921 533 1057 569 justitiam
1069 534 1207 567 colebant,
1228 536 1381 562 mercedem
1398 535 1541 563 decentem
1560 544 1715 571 conseque-

924 585 1029 608 rentur.
1049 581 1160 608 Inventa
1174 585 1215 608 est
1228 581 1310 616 igitur
1338 581 1485 615 rhetorica,
1508 583 1716 618 prodiitqueju—

923 627 1006 654 stitize
1022 627 1157 660 custodia,
1171 632 1198 655 et
1217 628 1345 654 humanae
1361 628 1423 655 vita:
1438 628 1546 663 copula,
1562 636 1595 655 ne
1605 630 1646 656 vel
1659 636 1717 655 ma-

922 672 1014 704 nibus,
1031 672 1074 700 vel
1092 673 1186 705 armis,
1205 673 1247 700 vel
1269 673 1461 708 occupatione,
1478 673 1520 700 vel
1542 673 1716 701 multitudine

921 724 954 744 ac
966 718 1160 752 magnitudine,
1177 718 1219 745 vel
1237 718 1288 746 alia
1303 726 1332 746 re
1347 718 1437 753 aliqua
1457 718 1584 753 inaequali
1598 726 1642 746 res
1656 719 1715 746 dis-

921 768 1109 796 cernerentur,
1123 765 1213 799 potius
1231 773 1313 799 quam
1327 766 1396 792 ratio
1421 773 1499 794 suum
1516 767 1616 801 cuique
1638 771 1714 794 tran-

921 810 1005 844 quille
1029 811 1172 838 tribueret.
1189 811 1252 838 Haec
1267 812 1351 846 igitur
1364 816 1405 840 est
1431 813 1508 846 origo
1525 813 1669 841 rhetorica:
1688 817 1716 841 et

921 861 1029 889 natura,
1047 856 1099 884 hoc
1119 856 1179 890 ejus
1204 858 1386 892 propositum,
1405 863 1436 885 ut
1468 866 1564 886 omnes
1587 859 1715 887 homines

920 907 1077 934 conservet,
1093 909 1120 930 et
1132 903 1184 930 vim
1199 904 1376 938 persuasione
1385 903 1515 939 repellat.
1541 905 1715 940 Quapropter

921 948 1044 975 eamdem
1059 949 1195 976 rhetorica
1207 956 1288 983 quam
1307 957 1352 977 ars
1373 949 1461 985 legum
1476 950 1655 978 ferendarum
1672 955 1716 979 est

70 993 165 1020 τοίνυν
179 994 194 1029 ἡ
210 995 344 1030 ῥητορικὴ
361 996 394 1030 τῇ
406 995 429 1011 ¹³
441 996 604 1032 νομοθετικῇ
617 997 667 1032 τῆς
676 997 763 1033 αὐτῆς
777 1007 864 1033 μετει-

923 998 1047 1020 natttram
1071 994 1179 1026 sortita,
1216 995 1239 1022 si
1264 995 1375 1029 quidem
1401 1001 1546 1030 utramque
1568 996 1716 1031 diligenter

70 1038 178 1074 ληφυῖα
192 1039 310 1074 φύσεως,
334 1041 415 1076 εῐπερ
428 1041 451 1057 ³⁸
463 1041 493 1068 τό
509 1050 540 1076 γε
556 1043 671 1078 ἀκριϐὲς
691 1043 735 1070 ἐπ’
747 1044 869 1079 ἀμφοτέ-

73 1095 130 1121 ρων
139 1086 181 1113 δεῖ
206 1087 319 1123 θεωρεῖν
334 1087 357 1104 ’⁸
371 1096 378 1104 ·
399 1089 500 1124 μᾶλλον
514 1089 541 1116 δὲ
558 1090 642 1125 μέρος
670 1087 738 1117 οὖσα
753 1090 801 1126 τῆς
820 1091 868 1126 ῥη-

70 1131 216 1167 τορικῆςιή
233 1132 405 1168 νομοθετική,
420 1134 468 1161 καὶ
482 1136 539 1167 τοῖς
552 1135 620 1162 πᾶσι
637 1136 763 1171 δευτέρα.
784 1136 846 1168 Πῶς
859 1145 866 1169 ;

71 1176 187 1212 Πρῶτον
214 1179 262 1212 μὲν
286 1180 328 1206 ὅτι
352 1180 400 1207 καὶ
433 1181 497 1216 περὶ
521 1181 612 1208 αὐτῶν
639 1182 693 1208 ἔδει
712 1182 767 1209 τῶν
777 1183 869 1218 νόμων

71 1222 153 1256 λόγου
167 1224 283 1262 [67611]
295 1226 341 1253 τοῦ
370 1227 522 1259 πείθοντος.
541 1227 572 1254 Εί
587 1227 641 1264 γάρ
661 1229 684 1244 ³⁸
699 1229 772 1256 ἐστιν
787 1229 868 1264 εὔδη-

76 1271 123 1298 λον
143 1271 184 1298 ὅτι
202 1272 226 1298 οἱ
241 1272 319 1308 νόμοι
337 1273 387 1308 μὲν
405 1273 476 1309 ὑπὲρ
488 1274 535 1300 τοῦ
555 1274 661 1306 πάντας
676 1274 707 1301 τὸ
728 1276 867 1311 προσῆκον

72 1317 146 1353 ἔχειν
156 1317 270 1353 ἔμελλον
280 1318 456 1354 τεθήσεσθαι,
469 1319 547 1347 τοῦτο
562 1320 590 1347 δὲ
606 1321 631 1346 οί
647 1321 679 1356 τῇ
696 1321 769 1356 χειρὶ
777 1322 867 1357 κρείτ-

72 1371 136 1393 τους
152 1361 267 1396 ἔμελλον
297 1363 549 1398 συμὸουλήσεσθαι,
567 1363 626 1395 πῶς
643 1365 694 1391 οὐκ
708 1365 868 1399 ἀναγκαίως

72 1409 127 1437 εδει
143 1410 222 1445 λόγου
233 1411 280 1438 τοῦ
298 1411 439 1443 πείθοντος
450 1412 501 1447 ἤδη
521 1412 545 1427 ’⁷
564 1421 572 1445 ;
588 1412 619 1438 οὐ
639 1413 694 1448 γὰρ
721 1412 867 1447 βιάσασθαί

71 1464 104 1489 γε
119 1455 141 1472 ’⁸
155 1457 219 1492 ἐνῆν
232 1457 296 1489 τοὺς
314 1457 383 1493 πρὸς
398 1457 467 1484 αὐτὸ
484 1456 564 1484 τοῦτο
585 1457 744 1492 πεφυκότας
760 1458 793 1490 ’⁸,
811 1459 867 1485 οὐδ’

69 1499 105 1536 ἦν
119 1502 190 1538 αὕτη
203 1504 294 1538 νόμων
310 1504 397 1539 ἀρχή·
414 1503 486 1538 ὑπὲρ
501 1503 557 1538 γὰρ
571 1503 653 1530 αὑτοῦ
675 1504 724 1530 τοῦ
749 1503 787 1539 μὴ
808 1503 865 1539 βιά-

70 1549 167 1582 ζεσθαι
184 1550 248 1581 τοὺς
261 1550 361 1585 νόμους
376 1550 430 1577 ἔδει
455 1549 560 1576 θέσθαι.
577 1549 682 1577 Οὔκουν
702 1548 735 1586 ἦν
762 1550 866 1576 τιθέναι

71 1597 249 1632 βιασάμενον,
268 1596 349 1633 [1252
369 1596 416 1633 IL]
430 1597 499 1624 ἀλλά
513 1596 586 1623 τοῦτ’
600 1595 635 1632 ἦν
665 1597 774 1632 πρῶτον
789 1597 866 1632 παρά

69 1642 134 1674 τοὺς
143 1642 253 1677 νόμους.
260 1642 386 1669 Φαίνεται
396 1642 418 1658 ³ο
426 1642 515 1669 τοίνυν
526 1641 668 1670 κάνταῦθα
675 1642 696 1657 ³¹
706 1643 722 1677 ἠ
734 1642 865 1678 ῥητορικὴ
880 1657 900 1686 C

71 1687 224 1724 βουλομένη
256 1688 308 1723 μὲν
333 1689 421 1716 ταὺτά
446 1690 480 1724 τῇ
508 1688 668 1724 δικαστικῇ,
684 1687 813 1715 τοσοῦτον
836 1688 865 1714 δὲ

69 1734 177 1762 νικῶσα
188 1735 257 1762 ὅσων
272 1735 431 1770 ἀμφοτέρας
445 1735 505 1770 [τὴν
520 1734 700 1770 νομοθετικὴν
717 1734 764 1760 καί
788 1734 862 1761 δικα-

72 1780 179 1817 στικὴν]
192 1781 214 1796 ³¹
229 1780 337 1816 συνέχει
358 1781 425 1816 μόνη
448 1781 576 1816 βεόαίως.
607 1780 762 1816 Βουλομένη
783 1780 864 1816 γὰρὴ

70 1827 215 1863 δικαστικὴ
230 1828 357 1864 καθάπερ
369 1829 398 1854 ὲν
419 1828 494 1862 μάχῃ
518 1828 551 1862 τῇ
583 1826 744 1862 νομοθετικῇ
766 1827 864 1862 βοηθῆ-

70 1881 127 1906 σαι,
147 1873 247 1900 ταύτὸν
262 1873 363 1901 ἔπαθεν
377 1873 447 1909 αὕτη
464 1874 487 1889 ³³
502 1873 535 1908 τῇ
556 1873 731 1908 νομοθετικῇ.
758 1872 864 1907 Ἑκείνη

70 1927 100 1945 τε
111 1917 168 1953 γὰρ
185 1919 336 1955 ῥητορικῆς
347 1919 480 1954 πρότερον
497 1917 650 1953 ³³ὲδέησεν,
664 1916 734 1943 ὥστε
747 1916 833 1952 ταύτῃ
842 1916 864 1931 ³⁵

68 1966 143 2002 ἔχειν
160 1966 278 2001 πάροδον
293 1966 356 1997 τοὺς
375 1965 486 2000 νόμους,
511 1964 528 1999 ἥ
540 1972 569 1990 τε
594 1963 740 1998 δικαστικὴ
772 1963 864 1998 σχῆμα

68 2012 220 2048 ἐπικούρου
229 2012 350 2039 λαϐοῦσα
359 2013 413 2043 τοῖς
425 2011 528 2045 νόμοις,
544 2009 613 2045 αὑτὴ
629 2010 760 2045 πρότερον
777 2018 864 2044 προσ-

67 2059 168 2095 εδεήθη
186 2060 208 2075 ³⁸
225 2059 276 2094 τῆς
295 2059 371 2093 παρά
391 2058 440 2092 τῆς
458 2057 608 2093 ῥητορικῆς
637 2055 774 2091 βοηθείας.
789 2056 864 2082 Ἔδει

67 2106 124 2141 γὰρ
137 2104 286 2140 δυνηθῆναι
305 2104 449 2140 βοηθῆσαι,
468 2102 548 2130 τοῦτο
565 2102 587 2129 δ’
602 2102 653 2129 οὐκ
675 2100 710 2137 ἦν
734 2102 798 2129 ἄνευ
815 2102 864 2136 ῥη-

66 2152 194 2187 τορικῆς.
221 2151 358 2187 Πρότερον
374 2151 397 2166 ³⁷
425 2147 472 2176 οὖν
503 2148 647 2184 πολιτικῆς
678 2149 771 2184 μορίου
788 2148 864 2174 εἴδω-

67 2197 114 2224 λον
138 2198 155 2231 ὴ
171 2196 316 2233 ῥητορικὴ,
334 2196 350 2232 ἢ
365 2196 399 2222 τὰ
427 2197 476 2232 τῆς
493 2195 648 2230 πολιτικῆς,
674 2194 712 2225 ὡς
739 2194 772 2220 σὺ
799 2194 853 2229 φῂς

69 2243 155 2278 μόρια
170 2243 223 2270 ὑπὸ
250 2242 300 2278 τῆς
331 2243 480 2277 ῥητορικῆς
504 2241 671 2276 συνέχεται;
691 2239 754 2274 ἐμοὶ
769 2239 792 2255 ³³
813 2239 863 2274 μὲν

66 2288 122 2325 γὰρ
134 2288 174 2321 ὡς
199 2288 309 2323 ἀληθῶς
324 2288 354 2314 οὺ
382 2288 533 2324 ῥητορικὴν
557 2287 586 2314 ὲν
608 2285 716 2318 τούτοις
738 2285 862 2317 κακίζειν

921 1039 1037 1065 velimus
1059 1040 1205 1074 inspicere,
1219 1045 1301 1074 atque
1319 1041 1387 1068 adeo
1414 1049 1478 1075 pars
1503 1047 1545 1069 est
1570 1042 1714 1081 rhetorica:

920 1093 965 1113 ars
983 1085 1084 1120 legunt,
1096 1091 1178 1121 alque
1205 1087 1231 1114 in
1255 1080 1384 1115 omnibus
1407 1087 1533 1115 inferior.
1547 1080 1715 1121 Quomodo?

919 1131 1039 1158 Primum
1055 1133 1127 1159 enitn
1142 1132 1208 1167 ipsis
1224 1133 1305 1160 etiam
1323 1133 1428 1168 legibus
1439 1134 1564 1162 oratione
1575 1140 1634 1162 erat
1645 1143 1713 1170 opus

919 1178 953 1204 ad
973 1179 1202 1213 persuadendum.
1231 1180 1336 1207 Etenim
1351 1180 1372 1207 si
1389 1181 1463 1215 leges
1475 1187 1506 1208 ea
1522 1181 1556 1208 de
1573 1189 1668 1214 causa,
1684 1187 1714 1208 ut

919 1231 997 1250 suum
1010 1225 1108 1258 cuique
1118 1225 1326 1258 concederetur,
1339 1232 1418 1254 erant
1435 1226 1563 1260 ferendae,
1579 1228 1605 1255 id
1620 1233 1712 1256 autem

919 1268 1076 1298 fortissimis
1090 1272 1244 1306 quibusque
1257 1272 1422 1306 placiturum
1438 1281 1490 1301 non
1506 1280 1575 1307 erat,
1599 1277 1712 1303 omnino

919 1315 970 1342 fuit
990 1316 1121 1344 adhibere
1142 1318 1295 1345 orationem
1334 1320 1533 1346 necessmium.
1555 1319 1623 1347 Nam
1651 1321 1706 1348 vim

919 1363 1028 1397 quidem
1047 1371 1101 1390 non
1129 1364 1231 1392 licebat
1264 1365 1297 1392 iis
1329 1365 1441 1399 inferre,
1470 1367 1516 1401 qui
1543 1366 1622 1394 liberi
1655 1367 1712 1395 nati

919 1413 1022 1441 essent,
1036 1416 1085 1436 nec
1102 1409 1160 1437 haec
1178 1415 1238 1438 erat
1260 1410 1349 1445 legum
1361 1412 1452 1446 origo,
1468 1419 1528 1447 qum
1541 1417 1636 1440 contra
1655 1413 1711 1441 vim

918 1453 983 1481 ferri
999 1455 1146 1482 debebant.
1167 1456 1261 1491 itaque
1276 1464 1324 1491 per
1339 1458 1392 1484 vim
1413 1457 1479 1485 ferri
1495 1466 1547 1485 non
1567 1463 1711 1493 poterant,

918 1509 979 1528 cum
993 1502 1020 1528 id
1042 1502 1158 1536 primum
1173 1508 1279 1530 contra
1294 1503 1369 1538 leges
1384 1504 1504 1531 futurum
1520 1505 1611 1532 fuerit.
1635 1505 1711 1539 Qua-

919 1551 1030 1581 propter
1044 1551 1071 1574 et
1089 1547 1132 1574 hic
1151 1548 1289 1575 rltetorica
1315 1554 1421 1584 spectat
1446 1550 1517 1577 idem
1543 1551 1616 1585 quod
1636 1551 1710 1585 judi-

919 1592 1015 1619 cialis:
1042 1592 1093 1621 hoc
1117 1600 1182 1621 vero
1208 1599 1331 1629 superat,
1356 1596 1428 1630 quod
1457 1601 1600 1632 utramque
1627 1597 1710 1633 [legis

919 1638 1062 1666 l‘actoriam
1078 1644 1106 1667 et
1117 1640 1287 1677 judicialem]
1307 1641 1362 1669 sola
1377 1643 1581 1677 complectitur.
1600 1644 1707 1672 Etenim

918 1692 979 1713 cum
991 1686 1222 1720 velletjudicialis
1237 1688 1289 1714 arti
1315 1687 1404 1724 legum
1420 1689 1608 1721 ferendarum.
1631 1693 1711 1725 quasi

919 1730 944 1757 in
959 1731 1067 1765 proelio,
1084 1739 1163 1766 opem
1183 1732 1266 1765 ferre,
1282 1733 1354 1760 idem
1372 1734 1422 1769 ipsi
1442 1736 1513 1770 quod
1535 1736 1572 1763 illi
1584 1738 1710 1772 contigit.

917 1777 985 1804 Nam
1003 1783 1031 1805 et
1047 1778 1085 1806 illi
1103 1779 1241 1806 rhetorica
1259 1781 1389 1815 primum,
1417 1785 1446 1809 ut
1463 1789 1511 1816 per
1526 1790 1585 1810 carn
1604 1783 1710 1819 legibus

917 1825 1007 1852 aditus
1024 1829 1138 1860 pateret,
1160 1833 1229 1861 opus
1258 1826 1321 1861 fuit,
1345 1832 1373 1855 et
1388 1828 1527 1861 iudicialis
1552 1837 1613 1857 cuin
1626 1832 1711 1858 ‘auxi-

916 1870 1010 1898 liantis
1035 1870 1157 1898 ltabitum
1181 1873 1354 1907 sumpsisset,
1382 1875 1441 1908 ipsa
1471 1875 1547 1910 prius
1565 1876 1710 1904 rhetorica:

917 1917 1082 1945 desideravit
1109 1918 1253 1946 auxilium.
1288 1918 1421 1952 Quoniam
1453 1922 1526 1947 enim
1553 1922 1710 1951 facultatem

913 1964 1026 1999 juvandi
1055 1965 1222 1999 requirebat,
1249 1973 1309 1993 eam
1329 1967 1388 1994 sine
1422 1967 1560 1995 rhetorica
1580 1971 1708 2004 consequi

917 2018 968 2038 non
982 2015 1099 2045 poterat.
1118 2011 1217 2039 Utrum
1234 2019 1301 2047 ergo
1319 2012 1408 2041 civilis
1423 2015 1509 2048 partis
1524 2009 1705 2044 simulacrum

916 2062 957 2084 est
973 2058 1119 2090 rhetorica,
1132 2065 1166 2085 an
1182 2064 1274 2093 partes
1288 2059 1408 2087 scientia:
1421 2060 1521 2093 civilis,
1544 2069 1612 2096 quas
1629 2063 1708 2095 dicis,

914 2101 1012 2137 4151)
1038 2102 1089 2129 sub
1107 2102 1243 2129 rhetorica
1258 2103 1435 2131 continentur
1451 2103 1462 2131 ?
1476 2104 1540 2131 Nam
1555 2105 1621 2132 mihi
1645 2106 1708 2141 qui-

915 2150 976 2175 dem
993 2151 1022 2175 ut
1033 2147 1110 2184 [vere
1123 2156 1178 2176 non
1194 2149 1373 2186 rhetoricam]
1384 2150 1410 2176 in
1427 2150 1486 2177 istis
1495 2151 1710 2186 videtursnggil-

915 2193 982 2226 lare,
996 2201 1046 2220 nec
1061 2193 1150 2220 civiiis
1163 2194 1248 2229 partis
1262 2202 1321 2221 eam
1335 2195 1513 2222 simulacrum
1529 2203 1591 2223 esse
1616 2202 1709 2224 osten-

916 2241 991 2272 dere,
1011 2248 1107 2268 verum
1131 2241 1210 2276 quasi
1230 2241 1376 2269 rhetorica
1396 2242 1572 2270 simulacrum
1597 2243 1707 2278 aliquod

916 2287 1090 2321 sumpsisset,
1107 2287 1133 2314 in
1149 2295 1182 2315 eo
1198 2287 1319 2314 studium
1335 2295 1417 2315 omne
1430 2295 1540 2322 ponere.
1553 2296 1602 2316 nec
1619 2289 1707 2324 ipsam

68 2335 208 2368 φαίνεται,
220 2334 280 2361 οὐδὲ
303 2334 446 2369 πολιτικῆς
459 2334 556 2369 μορίου
582 2332 692 2359 εἴδωλον
711 2331 860 2364 δεικνύναι,

920 2331 1062 2366 attingere,
1075 2332 1148 2359 velut
1166 2332 1317 2360 Stesichori
1334 2333 1446 2367 Trojani

66 2381 125 2408 ἀλλ’
136 2380 225 2412 οὕτως
238 2381 331 2417 ὥσπερ
351 2381 460 2408 εἴδωλον
487 2379 637 2416 ῥητορικῆς
661 2379 822 2416 ἀπειληφὼς
838 2379 860 2394 ³⁸
882 2379 929 2405 ἐπὶ
939 2380 1026 2414 τούτῳ
1043 2380 1215 2413 σπουδάζειν,
1231 2380 1316 2416 αὐτῆς
1329 2381 1356 2407 δὲ
1375 2380 1429 2407 οὐδ’
1449 2381 1593 2416 ἅπτεσθαι,
1612 2382 1707 2418 ὥσπερ

66 2430 90 2455 et
101 2427 270 2463 Στησιχόρου
289 2427 394 2462 Τρῶες,
410 2428 434 2454 οἱ
447 2426 477 2453 τὸ

230 2494 237 2501 .
254 2474 313 2509 Τῆς
333 2475 455 2509 Ἑλένης
467 2474 597 2501 εἴδωλον
615 2474 746 2508 ἔχοντες

65 2522 104 2554 ὡς
119 2522 218 2558 αὑτήν.
237 2522 367 2556 Διαφέροι
380 2521 401 2547 δ’
417 2521 451 2548 ἂν
466 2520 605 2554 τοσοῦτον,
619 2521 660 2547 ὅτι
675 2520 752 2548 οὐδὲν
769 2520 860 2556 ὅμοιον

66 2570 98 2604 τῇ
109 2569 244 2604 ῥητορικῇ
260 2568 291 2595 τὸ
301 2567 579 2595 εῑιῖωλονδθιοὺκοῦνδι
587 2567 667 2594 ὁπότε
684 2568 746 2602 μήτ’
757 2567 860 2594 ἀδικεῖν

1071 2492 1078 2499 .
1090 2492 1098 2500 .
1107 2491 1115 2499 .
1126 2491 1134 2500 .
1150 2472 1258 2500 Ηρίεηω
1269 2473 1415 2500 simulacra
1427 2479 1552 2507 ιειιινηιεε,

916 2519 993 2554 quasi
1014 2519 1103 2554 ipsam
1119 2519 1264 2546 haberent.
1281 2519 1398 2547 Tantum
1418 2527 1507 2549 tamen
1531 2522 1585 2548 erit
1598 2522 1698 2549 discri-

916 2567 1010 2600 minis,
1027 2567 1154 2602 quodest
1182 2568 1327 2594 rhetoricae
1353 2567 1485 2596 dissimile
1518 2569 1704 2596 siumlacrunt.

696 2683 700 2686 _
719 2649 839 2677 vnum:
858 2649 1061 2678 nummus.
1099 2633 1111 2648 ¹

104 2698 315 2734 "agmen.

66 2735 87 2772 if
100 2734 149 2760 οὖν
166 2732 280 2772 'otn.»A.
303 2733 342 2772 __"
362 2732 497 2772 φαίνεται]
513 2741 542 2772 p1
555 2732 599 2760 85.
636 2733 659 2750 ’³
674 2734 707 2772 τῇ
723 2740 777 2772 om.

67 2771 88 2788 ’³
105 2778 138 2803 γε
156 2770 263 2809 οιηζΑ.
301 2768 325 2784 ’⁵
339 2768 406 2809 πρὸς
419 2767 485 2809 aut?)
497 2766 576 2809 τοῦτο
595 2766 764 2809 πεφυκότας]
781 2768 829 2802 τὴν
843 2767 1079 2809 ἐκείνυ›ν.ἱσότηίτ-α
1095 2766 1132 2809 μὴ
1152 2766 1375 2809 αἱρουμένουςλΑ.

67 2806 87 2823 λ’
104 2804 244 2831 κάνταῦθα
271 2811 326 2832 out.
355 2805 388 2830 A.

68 2875 178 2902 εἴδωλον
192 2876 225 2909 τῇ
244 2876 390 2910 ῥητορικῇ·
403 2875 436 2901 Α.
486 2873 507 2889 ⁵³
522 2873 632 2908 οὐκοῦν]
648 2882 673 2909 p.
690 2874 748 2903 1θὸ.

872 2733 904 2751 ι..

446 2803 468 2819 ³²
480 2803 528 2838 τὴν
544 2804 636 2837 νομοί).
668 2804 715 2830 καὶ
739 2803 842 2841 δικαστ.
867 2810 935 2841 ont._
1029 2803 1108 2841 fta".

68 2842 89 2855 ³⁵
109 2840 212 2873 ταύτην
230 2848 259 2871 ς.
300 2840 322 2858 ³³
338 2838 436 2874 ἐδεήθη
448 2838 492 2874 Aa
509 2837 539 2856 ⁷³⁷
556 2839 682 2872 πότερον]
699 2842 727 2872 p.'
741 2839 800 2874 9b.!
837 2838 942 2873 "_ép.0l.
960 2839 981 2865 Α
999 2846 1005 2865 :
1027 2837 1092 2871 ἐμὸν

365 2697 387 2713 ¹⁸
403 2697 419 2732 ἢ
436 2705 491 2725 om.
506 2697 539 2724 A.
578 2697 599 2713 ¹⁹
615 2697 683 2732 μηδὲ
695 2695 741 2731 [τῷ
755 2711 790 2717 --
806 2697 915 2731 μεγέθει
934 2704 989 2723 om.
1006 2697 1040 2722 Α.
1065 2695 1101 2732 7"
1114 2694 1168 2721 τῶν
1186 2695 1288 2721 ἀνίσων
1301 2694 1406 2732 μηδενὶ]
1421 2695 1479 2723 τινὶ·
1488 2695 1541 2722 τῶν
1556 2696 1656 2723 ἀνίσων
1670 2697 1702 2724 Α.

909 2733 931 2748 ’⁵
944 2731 1173 2767 εἴπερ-θεωρεῖν
1187 2738 1242 2757 om.
1331 2731 1389 2748 ’⁸³³⁷
1405 2732 1430 2757 εί
1444 2731 1586 2767 γὰρ-ἥδη
1600 2739 1654 2759 om.
1672 2736 1703 2759 .-\.

1427 2767 1447 2783 '°
1462 2767 1597 2799 φαίνεται]
1615 2775 1641 2801 p.
1658 2768 1704 2794 87.

1244 2802 1294 2842 A.~
1316 2801 1484 2842 ³λἰτριίτερον
1504 2803 1661 2842 ῥητορικῆς.
1671 2805 1703 2842 A:

953 2803 986 2828 A.
1043 2805 1066 2820 ³³
1081 2801 1149 2837 αὕτη
1173 2810 1227 2829 om.
1244 2802 1277 2827 A.
1316 2804 1338 2821 ³³
1352 2801 1484 2836 πρότερον
1504 2803 1650 2838 ῥητορικῆς
1671 2805 1698 2829 Α,

960 2839 981 2864 Α
999 2846 1005 2864 :
1027 2837 1092 2864 ἐμὸν
1104 2837 1145 2864 τσ.
1194 2837 1216 2853 ³³
1231 2836 1375 2864 ἀπολαῦὼν
1396 2837 1542 2864 ῥητορικῆς
1555 2838 1587 2864 Δ.
1639 2838 1662 2855 ⁵⁵
1676 2838 1698 2864 τί

1193 2810 1216 2827 ιη
1221 2821 1227 2828 .

1173 2810 1227 2829 om.
1244 2810 1277 2827 Α.
1316 2810 1338 2821 δ’
1352 2810 1484 2836 προτερον
1504 2810 1587 2838 ρητορ

1194 2837 1216 2853 ³³
1231 2836 1375 2864 ἀπολαῦὼν
1395 2837 1542 2873 ῥητορικῆς
1555 2838 1587 2865 Δ.
