1923 3093
75 159 150 190 1509

613 158 880 190 BIBLIOTHECA.
899 171 933 175 --
952 159 1036 190 COD.
1050 159 1211 190 CCXLV”.

1649 161 1718 194 1510

72 216 164 242 κακὸν
184 213 277 250 ἡλίκον
289 213 322 240 τὺ
337 213 451 247 ἀδικεῖν,
466 213 493 240 τί
507 213 608 241 κωλύει
626 215 674 242 καὶ⁴
689 215 753 247 τοὺς
768 215 868 251 νόμους

927 215 1027 250 ηειέίὺυε
1045 223 1105 251 qum
1129 216 1200 244 idem
1226 215 1357 250 sentiunt,
1373 215 1532 250 expelletur,
1546 223 1578 243 ac
1593 220 1650 244 tum
1665 217 1726 245 rbe-

72 260 162 288 αὺτὸν
178 260 201 276 ⁷³
229 260 355 291 ἅπαντας
384 261 440 291 τοῖς
457 260 550 292 αὐτοῖς
570 259 677 292 τούτοις
707 261 872 296 διαγράφειν

72 308 190 342 λόγοις;
213 306 284 333 Ἀλλ’
295 307 318 323 ⁷³
342 306 437 340 ὥσπερ
463 306 600 342 ἑταιρείας
615 307 870 343 καταγνωσθείσης,

75 355 149 390 μετὰ
163 354 213 381 καὶ
227 353 282 380 τῶν
294 352 383 380 ταῦτα
397 352 627 388 συμϐουλομένων
639 354 730 389 νόμων
744 353 874 390 εξελαθήι

74 408 155 427 σεται
165 400 199 427 ⁷⁸.
224 400 280 429 Καὶ
293 400 354 427 τότε
367 401 515 436 ῥητορικὴν
529 400 709 437 ὲκπέμψομεν
727 402 775 428 καὶ
792 409 864 437 προ-

59 446 280 489 Δειιτελακιοῦμεν,
295 446 360 474 ὅταν
372 447 420 474 καὶ
438 448 502 479 τοὺς
513 447 614 483 νόμους
629 447 836 484 [συνεκπέμψαι
849 447 873 464 ⁷⁵

73 493 170 524 καλῶς
196 493 262 528 ἡμῖν
280 492 341 529 ἔχῃ]
367 492 543 528 ἐκϐάλλωμεν
572 493 622 528 τῆς
641 493 749 525 πόλεως
764 492 873 520 καὶτοῦ

75 539 149 575 βίου.
170 538 252 572 Ἀλλ’,
265 535 288 566 ὦ
303 539 425 574 δαιμόνιε
437 541 484 566 καὶ
499 539 586 566 πάντα
597 539 630 566 σὺ
642 538 787 574 θαυμαστὰ
797 538 872 574 εὑρί-

77 593 165 618 σκων,
187 584 212 610 εί
226 584 311 620 μηδέν
333 585 391 611 ὲστι
407 584 430 600 ⁷⁸
446 585 563 620 πρᾶγμα
574 584 604 610 τὸ
622 584 786 616 ἀδικεῖσθαι,
808 583 872 619 μηδ’

74 631 93 665 ὴ
111 630 192 657 τοῦτο
205 629 349 657 κωλύουσα
375 629 491 665 δύναμις
519 630 634 666 μηδενὸς
646 631 668 646 ⁷⁷
694 630 757 663 ἀξία
780 630 872 664 λόγου,

77 675 145 711 μηδ’
169 675 257 702 ὁπόσα
274 675 331 703 ἐστι
361 676 409 704 καὶ
432 676 538 710 γίνεται
565 676 602 712 μὴ
629 676 664 703 δι’
687 677 774 711 αὐτῆς
790 675 874 711 μηδὲν

75 724 209 760 χρηστὸν,
236 723 294 751 ἀλλ’
309 722 396 756 οὕτως
421 723 519 759 ἄτιμον
547 724 594 750 καὶ
617 723 795 760 ἀνελεύθερον
809 722 873 750 ὥστ’

76 768 148 796 εἶναι
163 769 256 805 μόριον
269 769 413 801 κολακείας
424 770 472 796 καὶ
483 770 561 802 σκιᾶς
576 769 610 802 ⁷⁵,
620 769 667 796 τοῦ
679 769 760 806 χάριν
770 778 873 805 ταυτην

75 815 191 848 οἱκίζων
200 815 250 851 τὴν
265 815 294 842 ὲν
306 816 339 851 τῇ
360 815 445 851 βίϐλῳ
461 815 541 842 πόλιν
556 815 689 850 καθίστης
710 815 779 851 αὐτῇ
795 815 873 842 πολι-

76 861 164 894 τείαν,
185 861 231 896 ἀφ’
248 859 282 897 ἧς
296 861 359 896 μηδ’
372 861 462 888 ὁτιοῦν
490 861 625 895 πείσεται,
646 862 693 888 καὶ
707 862 738 888 τὺ
752 862 873 897 μάχιμον

925 262 1037 289 loricam
1053 262 1211 290 omittemus
1226 269 1259 289 ac
1279 262 1462 294 trnducemus,
1476 269 1537 290 cum
1557 262 1629 298 leges
1644 264 1724 290 simul

923 307 1038 337 honeste
1054 313 1181 343 poterunt
1195 308 1294 336 emitti.
1311 308 1334 336 O
1352 309 1393 336 vir
1407 309 1537 343 praeclare
1553 314 1581 336 et
1602 309 1723 336 omnium

923 355 1049 382 inventor
1071 354 1236 382 mirabilium
1257 363 1359 389 rerum,
1379 355 1401 383 si
1418 355 1517 383 nullius
1534 360 1575 383 est
1593 356 1722 383 momenti

923 400 1029 434 iniuria:
1053 401 1187 436 acceptio,
1213 409 1328 437 qumque
1353 409 1414 430 eam
1444 401 1571 436 prohibet
1595 401 1722 435 facultas,

924 446 1024 474 nullius
1038 450 1080 474 est
1101 447 1238 481 ponderis,
1255 455 1304 475 nec
1321 447 1470 483 quidquam
1487 447 1550 476 boui
1569 447 1662 480 efficit,
1675 448 1722 475 sed

924 493 993 520 adeo
1013 493 1137 528 ignobilis
1157 497 1200 521 est
1225 498 1253 521 et
1273 494 1414 522 illiberalis
1438 499 1469 522 ut
1491 494 1653 522 adulationis
1681 499 1724 521 at-

925 545 978 573 que
1001 539 1104 566 umbra:
1127 539 1163 566 sit
1187 539 1316 574 particula
1333 549 1340 567 :
1355 548 1413 572 cur,
1441 540 1566 573 obsecro,
1586 545 1614 568 tu
1641 540 1725 567 libra-

924 585 993 611 riam
1018 584 1098 612 istam
1130 585 1300 613 constituens
1325 587 1439 619 urbem,
1466 587 1545 614 talem
1569 587 1594 614 ei
1624 587 1723 614 tribuis

925 631 1118 665 rempublicam
1131 639 1191 667 quae
1207 628 1272 659 nifﬂl
1290 632 1326 659 illi
1344 638 1450 665 noceat,
1468 640 1500 660 ac
1514 632 1656 661 militarem
1673 634 1723 660 tri-

924 676 987 703 bum
1007 684 1127 705 seorsum
1152 678 1279 705 collocari
1302 677 1383 712 iubes
1406 679 1495 714 primo
1519 679 1589 711 loco,
1607 687 1640 706 ne
1657 680 1722 715 quid

926 722 1056 757 patiatur,
1070 730 1119 750 nec
1134 724 1167 750 ab
1183 724 1307 751 hostibus
1324 723 1450 757 iniuriam
1467 725 1605 758 accipiat?
1618 724 1685 752 Nam
1699 721 1722 752 si

925 769 976 796 hoc
1000 769 1150 797 sufﬁciebat
1171 769 1302 804 iniuriam
1328 778 1380 797 non
1399 770 1501 803 facere,
1523 771 1588 806 quid
1609 775 1668 799 erat
1689 772 1724 799 ti-

923 815 1050 842 mendum
1071 820 1213 850 postquam
1234 817 1267 843 ad
1285 816 1310 844 id
1328 824 1388 844 eam
1406 818 1593 852 praeparans?
1607 817 1684 851 Quod
1700 817 1723 845 si

923 860 1004 887 etiatn
1022 867 1100 889 nocet
1115 861 1242 896 iniuriam
1253 861 1443 895 inferentibus,
1458 863 1480 891 si
1496 870 1591 898 pmnas
1605 872 1658 892 non
1676 865 1724 892 de-

77 906 164 942 χωρὶς
174 906 230 933 τῶν
239 906 327 932 ἄλλων
340 906 466 941 ἱδρῦσθαι
483 905 618 938 κελεύεις,
631 905 716 942 τιμὴν
730 906 781 941 τὴν
795 906 872 942 πρώ-

927 905 1025 938 derint,
1039 913 1071 933 ac
1084 906 1164 934 debet
1176 907 1291 942 quisque
1307 908 1455 935 secundum
1471 897 1544 935 tuam
1557 909 1721 937 sententiam

78 961 132 988 την
143 953 273 985 ἀποδοὺς,
295 952 339 979 ἶνα
351 953 416 988 μήτι
430 952 503 988 πάθῃ
519 952 581 988 μηδ’
592 953 615 969 "’
639 952 691 979 ὑπό
715 961 797 980 τινων
816 953 874 979 ἀδι-

78 999 152 1034 κηθῇ
185 999 342 1034 πολεμίων;
361 999 393 1026 El
417 999 473 1034 γὰρ
495 999 606 1035 ἐξήρκει
619 999 643 1015 ⁸⁸
669 999 707 1035 μὴ
722 999 834 1031 ἀδικεῖν,
848 999 874 1026 τι

77 1045 213 1078 οέδοικας,
239 1046 265 1071 sl
296 1045 366 1081 πρὸς
380 1045 460 1072 τοῦτό
480 1045 503 1072 τ’
519 1045 605 1081 αὐτὴν
617 1045 827 1081 παρεσκεύασας
838 1046 872 1079 5';

79 1091 104 1118 εῑ
120 1091 149 1118 δὲ
163 1091 195 1126 δὴ
209 1091 232 1107 ⁵³
248 1091 296 1118 καὶ
308 1093 399 1127 χεῖρον
413 1092 471 1122 τοῖς
485 1090 637 1124 ἀδικοῦσιν,
649 1091 714 1118 ὅταν
729 1091 767 1126 μὴ
781 1091 873 1118 διδῶσι

78 1137 170 1171 δίκην,
198 1137 246 1164 καὶ
264 1137 317 1172 χρὴ
342 1137 375 1172 δὴ
397 1137 470 1164 κατὰ
484 1136 507 1152 ⁵⁸
527 1136 558 1162 σὲ
574 1137 621 1163 καὶ
634 1137 717 1163 αὑτὸν
733 1137 756 1153 ⁸⁵
773 1136 872 1164 ἑαυτοῦ

80 1183 247 1217 κατήγορον,
256 1183 321 1208 ὅταν
332 1182 460 1218 ἀδικήσῃ,
472 1180 597 1215 γίνεσθαι
611 1182 659 1208 κα¹ι
674 1181 778 1208 παίδων
789 1182 812 1198 ⁸⁵
826 1181 874 1208 καὶ

80 1227 186 1263 πατρὸς
200 1226 296 1260 αὑτοῦ,
322 1227 385 1258 τοὺς
415 1226 437 1253 δ’
456 1226 573 1262 ἐχθροὺς
595 1227 653 1262 ὲᾷν,
667 1225 693 1252 τί
707 1226 736 1252 οὺ
757 1226 874 1262 συνεύχῃ

79 1275 137 1305 τοῖς
148 1273 289 1309 πολεμίοις
303 1273 431 1300 ἐπελθεῖν
449 1273 496 1300 καὶ
509 1273 601 1299 λαϐεῖν
617 1272 665 1307 τὴν
679 1272 768 1304 πόλιν,
782 1273 830 1299 καὶ
841 1273 874 1308 νὴ

81 1319 132 1345 Δία
146 1319 210 1349 τοὺς
230 1319 280 1353 μὲν
291 1318 320 1344 ὲν
337 1318 432 1354 ἡλικίᾳ
445 1319 549 1349 πάντας
558 1317 724 1352 κατακόψαι,
738 1317 875 1344 καὶταῦτα

81 1365 152 1400 πρὸς
164 1365 222 1397 τοῖς
233 1364 346 1399 βωμοῖς,
362 1364 460 1395 παῖδας
471 1364 500 1390 δὲ
529 1363 576 1390 καὶ
593 1364 726 1398 γυναῖκας
749 1363 876 1398 ἐξανδρα-

81 1411 247 1438 ποδίσασθαι
259 1411 331 1446 πέρα
346 1411 380 1444 ³⁸,
398 1412 422 1437 εί
437 1410 538 1446 βούλει,
554 1410 702 1445 Γαδείρων,
717 1410 751 1436 τὰ
764 1410 795 1436 δὲ
815 1410 875 1445 [Epit

83 1457 253 1492 συλήσαντας
264 1456 442 1492 κατασκάψαι
456 1457 557 1489 πάντα,
586 1457 624 1491 μὴ
650 1456 738 1482 λιπεῖν
760 1455 788 1482 δὲ
805 1455 875 1490 μηδὲ

925 953 1009 979 etiam
1021 952 1140 987 seipsum
1153 961 1216 980 cum
1233 953 1360 989 iniuriam
1373 954 1446 987 fecit,
1459 962 1599 988 accusare,
1614 961 1642 984 et
1657 956 1724 984 libe-

925 1004 970 1024 ros
981 1001 1009 1024 ct
1026 1002 1151 1032 parentes
1169 998 1254 1033 ipsos,
1271 999 1381 1027 omissis
1408 1000 1526 1028 inimicis
1540 1009 1547 1028 :
1564 1001 1629 1036 quin
1645 1005 1723 1036 optas

924 1047 954 1069 ut
977 1043 1070 1070 hostes
1092 1043 1191 1079 416!)
1218 1045 1312 1072 urbem
1328 1046 1448 1080 aggressi
1472 1047 1580 1082 capiant
1605 1047 1673 1084 (85).
1690 1055 1724 1075 ac

923 1087 997 1114 viros
1021 1087 1130 1122 quidem
1156 1096 1251 1116 omnes
1277 1090 1310 1116 ad
1334 1097 1396 1117 aras
1421 1091 1568 1125 trucideut,
1593 1093 1723 1120 mulieres

924 1136 1014 1161 autem
1039 1141 1099 1161 cum
1115 1134 1209 1162 liberis
1224 1135 1345 1169 captivas
1361 1136 1431 1164 ultra
1446 1135 1546 1170 Gades,
1562 1137 1586 1165 si
1602 1139 1721 1173 videtur,

925 1179 1082 1213 divendant,
1096 1180 1203 1214 templis
1217 1187 1282 1207 vero
1297 1181 1418 1216 spoliatis
1429 1183 1518 1209 omnia
1534 1183 1654 1216 diruant,
1669 1192 1720 1212 nec

924 1226 970 1253 vel
984 1226 1107 1260 sepulcra
1123 1234 1180 1254 sua:
1196 1227 1353 1261 petulantia:
1370 1228 1525 1263 relinquant
1540 1230 1679 1264 expertia;
1693 1235 1722 1257 ut

925 1276 1069 1306 postquam
1094 1272 1227 1300 maximas
1250 1273 1366 1301 fecerint
1387 1274 1517 1309 iniurias,
1543 1275 1569 1303 in
1595 1277 1723 1304 maximis

925 1317 981 1344 sint
1005 1318 1094 1350 malis,
1120 1318 1183 1345 dum
1206 1325 1302 1354 poenas
1325 1328 1376 1347 non
1405 1321 1504 1349 luunt?
1531 1321 1722 1350 Verumtamen

927 1366 1030 1390 tantum
1056 1363 1134 1392 abest
1162 1369 1192 1392 ut
1223 1365 1274 1393 ista
1305 1368 1431 1400 studeas,
1462 1372 1491 1394 ut
1515 1368 1675 1402 prohibeas,
1696 1373 1725 1396 et

926 1408 1067 1442 impedias,
1085 1409 1224 1445 vitamque
1248 1410 1406 1445 militarent,
1424 1419 1457 1439 ue
1472 1414 1536 1447 quid
1561 1413 1638 1440 ﬁeret
1659 1413 1722 1446 tale,

927 1454 1078 1482 institueris
1092 1463 1099 1483 :
1114 1463 1148 1483 ac
1164 1457 1186 1483 si
1202 1457 1263 1491 quis
1285 1458 1422 1485 exstiterit
1438 1459 1571 1492 proditor,
1585 1467 1646 1487 eum
1669 1467 1724 1487 non

82 1506 146 1537 τοὺς
165 1505 269 1540 τάφους
297 1504 402 1536 άθώους
424 1505 475 1540 τῆς
499 1503 604 1531 ἑαυτῶν
624 1502 782 1535 πλεονεξίας
792 1503 826 1535 ⁸⁷,
843 1503 873 1529 ἵν’

927 1500 1003 1534 iubes
1026 1502 1152 1528 coronari
1177 1509 1226 1529 nec
1253 1503 1412 1536 praedicari,
1440 1505 1487 1531 sed
1513 1505 1584 1531 idem
1612 1506 1644 1532 de
1664 1506 1723 1541 ipso

83 1552 265 1587 ἀδικήσαντες
279 1550 313 1578 τά
326 1551 443 1586 μέγιστα
457 1551 487 1577 ὲν
501 1551 558 1581 τοῖς
572 1550 711 1585 μεγίστοις
736 1549 768 1582 δὴ
781 1549 873 1580 κακοῖς

927 1547 998 1580 quod
1015 1546 1060 1573 alii
1075 1547 1183 1575 statuis.
1201 1547 1260 1579 Dic,
1276 1555 1324 1583 per
1338 1547 1432 1577 Jovem
1448 1551 1642 1586 prodigiosum,
1659 1552 1724 1586 quid

81 1595 145 1630 ὧσι,
165 1597 203 1633 μὴ
213 1597 305 1629 δόντες
314 1597 402 1632 δίκην.
422 1596 504 1623 Ἀλλὰ
516 1595 644 1622 τοσοῦτον
659 1594 773 1630 ἀπέχεις
789 1594 836 1620 τοῦ
851 1594 873 1610 ⁸⁸

929 1592 1007 1619 nobis
1024 1592 1056 1620 de
1073 1593 1147 1621 hisce
1161 1597 1202 1621 est
1223 1594 1459 1623 existimandum?
1473 1596 1532 1624 Jam
1551 1605 1609 1632 age,
1625 1605 1641 1624 ο
1654 1599 1724 1625 bone

82 1643 170 1670 ταῦτα
185 1643 387 1678 συμπράττειν,
418 1642 488 1668 ὥστε
515 1641 631 1672 κωλύεις
645 1640 692 1667 καὶ
711 1639 767 1673 βίον
779 1640 808 1666 ὲν
819 1639 873 1670 τοῖς

930 1638 980 1669 vir,
999 1637 1071 1673 leges
1082 1645 1134 1673 qua
1147 1639 1179 1666 de
1194 1647 1275 1667 causa
1290 1645 1364 1668 tanto
1382 1649 1495 1670 numero
1513 1644 1626 1670 seorsim
1645 1644 1724 1672 nobis

82 1689 176 1720 ὅπλοις
188 1688 321 1724 εὕρηκας,
341 1687 386 1714 ἴνα
402 1689 440 1723 μή
469 1696 496 1714 τι
513 1687 636 1714 τοιοῦτον
645 1686 668 1702 ⁸⁸
683 1687 805 1720 γένοιτο·
825 1684 873 1711 κᾶν

930 1681 1005 1710 fers!
1019 1683 1125 1710 Etenim
1142 1684 1193 1712 nisi
1217 1693 1344 1720 maguum
1360 1687 1487 1722 quiddam
1505 1693 1547 1716 est
1567 1696 1662 1724 pmnas
1677 1697 1724 1717 su-

82 1744 124 1765 τις
131 1734 278 1769 ἐγγένηται
286 1734 431 1770 προδότης,
444 1733 540 1760 τοῦτον
546 1733 577 1760 οὺ
589 1731 740 1766 στεφανοῦν
753 1731 873 1762 κελεύεις

931 1735 1005 1755 mere
1026 1732 1054 1755 et
1078 1729 1191 1762 iniurias
1213 1731 1368 1764 prohibere,
1383 1739 1432 1759 cur
1453 1732 1506 1760 ista
1523 1741 1629 1767 narras,
1643 1738 1671 1762 et
1693 1738 1724 1763 ιιι

83 1780 144 1808 οὐδὲ
163 1780 311 1816 κηρύττειν
325 1779 359 1813 ⁸⁸,
379 1779 448 1807 ἀλλὰ
472 1779 560 1806 ταὺτὰ
581 1779 639 1810 τοῖς
655 1777 749 1809 ἄλλοις
763 1775 873 1811 νομοθέ-

931 1780 1010 1800 neruo
1025 1774 1052 1801 in
1072 1774 1139 1802 urbe
1153 1774 1276 1808 laedatur,
1290 1776 1387 1803 caves?

83 1839 142 1862 ταις
165 1831 231 1866 περὶ
247 1829 354 1857 statiua-1
366 1829 497 1865 νομίζεις.
517 1828 586 1855 Εἰπὲ
598 1829 635 1861 ",
652 1827 715 1864 [678
735 1827 780 1863 ll.]
809 1827 876 1862 πρὸς
896 1825 957 1858 Διὸς
969 1822 1123 1861 τεραστίου,
1134 1826 1161 1852 τί
1176 1828 1230 1863 χρὴ
1246 1828 1310 1863 περὶ
1324 1827 1428 1855 τούτων
1456 1829 1532 1866 ἡμᾶς
1550 1830 1671 1864 νομίζειν
1683 1828 1722 1863 ⁹¹;

82 1874 147 1909 εἷεν,
161 1873 184 1903 ὣ
198 1864 318 1910 γενναίεθ
329 1864 428 1910 νόμους
438 1875 506 1910 aest,
517 1874 564 1901 τοῦ
577 1874 730 1910 χάρινὴμῖν
741 1873 834 1908 ὲτίϐης
851 1873 893 1906 ⁹³;
915 1872 948 1899 El
965 1872 1030 1908 γὰρ,
1049 1869 1071 1899 ὦ
1087 1874 1148 1906 τάν,
1171 1873 1201 1900 τὸ
1220 1873 1298 1909 δίκην
1314 1873 1463 1909 λαμϐάνειν
1482 1864 1529 1901 καὶ
1556 1875 1586 1901 τὸ
1611 1873 1650 1910 μὴ
1676 1875 1725 1910 ὲᾷν

82 1924 184 1950 ἀδικεῖν
196 1923 246 1958 οὺχ
261 1923 290 1949 ἓν
302 1931 327 1948 τι
337 1921 392 1948 τῶν
409 1921 560 1948 σπουδαίων
573 1919 617 1956 ἦν,
628 1921 675 1947 τοῦ
691 1921 772 1956 χάριν
788 1919 874 1947 ταῦτα
893 1919 1076 1956 πραγματεύῃ
1088 1921 1122 1955 ⁸⁵,
1140 1920 1187 1947 καὶ
1199 1921 1309 1953 σκοπεῖς
1317 1921 1390 1953 ὅπως
1407 1921 1503 1957 μηδείς
1538 1920 1601 1958 [που
1633 1922 1657 1939 ⁸⁸
1669 1921 1724 1948 τῶν

82 1971 111 1997 ὲν
123 1971 157 2004 τῇ
177 1967 264 2004 πόλει]
277 1968 451 2003 άδικήσεται;
1209 1962 1212 1966 ’

119 2017 174 2044 Καὶ
192 2017 248 2052 μὴν
261 2016 284 2032 ³⁸
295 2018 324 2043 ἐν
338 2017 389 2051 μὲν
403 2013 443 2048 οἷς
459 2015 540 2050 ἡμεῖς
556 2015 684 2050 λέγομεν,
704 2015 819 2046 καὶτοῖς
830 2014 873 2041 ἆλ-

962 2011 1056 2045 Atqui,
1080 2019 1140 2046 quae
1166 2019 1216 2039 nos
1239 2011 1373 2044 dicimus,
1397 2019 1429 2039 ea
1455 2012 1536 2040 simul
1563 2016 1590 2040 et
1614 2012 1673 2040 aliis
1697 2017 1725 2040 et

82 2063 139 2094 λοις
151 2060 298 2088 συνδοκοῦν
317 2062 376 2088 ἐστι
393 2061 442 2088 καὶ
464 2060 502 2096 τῷ
514 2061 638 2087 Πλάτωνι
651 2060 812 2096 πρόσεστιν·
829 2059 873 2086 ἅδ’

927 2057 1032 2084 Platoni
1051 2057 1193 2091 videntur;
1211 2065 1271 2092 qua:
1282 2065 1346 2085 vero
1368 2058 1412 2086 hic
1428 2059 1477 2092 ait,
1494 2066 1546 2086 non
1565 2059 1645 2086 rebus
1664 2065 1724 2086 tan-

82 2105 161 2141 οὗτος
176 2107 293 2135 ἐνταῦθα
309 2108 432 2144 εῖρηκεν,
462 2108 492 2134 οὐ
531 2108 614 2143 μόνον
636 2108 692 2138 τοῖς
706 2106 761 2133 τῶν
771 2107 794 2123 ³⁷
808 2114 879 2141 πρα-

82 2154 198 2190 γμάτων
210 2153 314 2188 λόγοις,
329 2153 397 2180 ἀλλὰ
408 2153 519 2185 καὶτοῖς
528 2152 610 2180 αὑτοῦ
624 2152 766 2184 Πλάτωνος
772 2153 880 2187 ἐξελέγ-

82 2208 161 2235 χεται
187 2199 234 2226 καὶ
268 2199 358 2233 λόγοις
393 2199 441 2226 καὶ
472 2198 649 2234 βουλήμασιν.
673 2198 801 2225 Ἐκείνων
825 2199 874 2234 μὲν

82 2245 170 2280 ὀρθῶς
181 2244 254 2279 ἔχειν
269 2243 514 2280 συγχωρουμένων,
533 2244 607 2278 καὶὴ
625 2243 701 2279 παρὰ
712 2244 766 2270 τῶν
787 2243 875 2271 ἄλλων

929 2109 998 2136 ιυιιι,
1014 2105 1062 2131 sed
1078 2109 1105 2131 et
1119 2103 1203 2139 ipsius
1216 2104 1337 2132 Platonis
1351 2105 1441 2132 verbis
1456 2110 1483 2132 et
1502 2105 1625 2132 consiliis
1641 2113 1722 2140 repu-

928 2155 1022 2186 gnant.
1042 2152 1077 2178 Ac
1095 2150 1116 2178 si
1131 2151 1175 2177 illa
1193 2151 1302 2185 quidem
1318 2155 1393 2179 recte
1410 2158 1439 2179 se
1453 2152 1552 2179 habere
1565 2152 1722 2180 concedan-

931 2201 987 2229 tur,
1003 2197 1117 2224 aliorum
1133 2204 1242 2232 quoque
1258 2198 1392 2225 sententia
1416 2202 1443 2225 et
1462 2197 1618 2232 suffragium
1643 2204 1722 2226 acce-

929 2243 985 2276 det,
1011 2243 1053 2270 sin
1079 2243 1120 2270 his
1145 2244 1336 2276 assentiamur,
1355 2244 1431 2271 deest
1457 2244 1571 2272 aliorum
1599 2244 1720 2272 omnium

84 2292 220 2326 μαρτυρεῖ
234 2290 298 2324 δόξα
319 2291 366 2317 καὶ
387 2290 478 2325 ψῆφος
507 2289 585 2326 ὀρθή.
607 2289 701 2317 Ταῦτα
722 2289 751 2316 δὲ
766 2290 873 2326 εἰδοὶη-

930 2290 1061 2318 calculus.
1088 2290 1136 2318 Est
1160 2295 1251 2318 autem
1277 2291 1385 2325 fortius,
1403 2293 1474 2327 quod
1500 2297 1528 2319 et
1544 2292 1670 2320 omnibus
1693 2297 1722 2320 et

84 2345 134 2370 μεν
147 2337 270 2370 κρατεῖν,
285 2336 384 2363 άπεστι
394 2335 424 2363 τδ
435 2335 536 2371 ὁτῳοῦν
551 2336 690 2363 συνδοκεῖν
700 2335 755 2362 τῶν
771 2335 871 2363 ἄλλων.

83 2382 164 2417 [1256
181 2381 227 2418 R.]
255 2382 441 2418 Ἰσχυρότερον
459 2382 487 2409 δὲ
515 2382 546 2409 τὸ
567 2382 615 2408 καὶ
641 2381 728 2409 ἅπασι
742 2381 789 2408 καὶ
800 2381 873 2408 Πλά-

81 2437 147 2455 τωνι
159 2428 206 2455 τοῦ
226 2429 321 2464 μηδενὶ
343 2429 390 2455 καὶ
405 2428 474 2464 μηδὲ
486 2428 611 2455 Πλάτωνι
626 2427 773 2459 συνδοκεῖν,
795 2426 833 2458 ὼς
849 2426 872 2443 θ’

81 2470 160 2505 οὗτος
187 2472 315 2509 ἀλλαχοῦ.
345 2472 451 2500 οὐκοῦν
476 2473 508 2499 οὐ
531 2472 582 2508 τὴν
596 2472 672 2507 παρὰ
689 2471 784 2499 τούτου
803 2481 873 2507 μαρ-

930 2335 1035 2363 Platoni
1058 2336 1175 2370 videtur,
1192 2345 1271 2371 quam
1290 2338 1362 2372 quod
1382 2345 1431 2366 nec
1446 2338 1572 2373 cuiquam
1589 2345 1640 2366 nec
1659 2339 1720 2366 Pla-

929 2382 994 2409 toni.
1013 2381 1182 2416 Quapropter
1199 2390 1251 2410 non
1272 2388 1325 2410 tam
1349 2384 1427 2417 huius
1460 2383 1642 2411 testimonium
1658 2391 1722 2419 pro-

928 2431 987 2461 pter
1010 2428 1124 2454 aliorum
1151 2427 1307 2463 suffragium
1334 2429 1484 2464 fugienius,
1501 2437 1582 2464 quam
1604 2429 1720 2457 aliorum

929 2473 1084 2501 testimonio
1100 2474 1179 2510 hujus
1196 2475 1354 2511 adjiciemus
1368 2474 1537 2511 suffragium.
1553 2476 1641 2510 Atque
1661 2475 1718 2504 baac

731 2526 846 2554 VARIA‘]
875 2527 1079 2558 LECTIONES.

129 2575 149 2591 η
163 2574 257 2611 mium]
275 2575 364 2602 αὐτῶν
372 2578 403 2602 Α,
443 2573 501 2591 τιιτι
513 2574 571 2601 ἀὶλυ
583 2572 740 2611 (p.__107):—_
749 2571 942 2611 ὲξελαθήσεται
957 2582 1013 2611 om.
1023 2575 1054 2601 A.
1093 2576 1117 2592 "'
1132 2575 1375 2611 συνεκπέμψαι-ἔ

1427 2584 1482 2603 om.
1496 2576 1530 2604 A.
1556 2577 1578 2593 "
1590 2578 1648 2603 ἐστι
1663 2583 1720 2604 om.

131 2584 149 2591 ..
163 2584 257 2611 αυτηη
275 2584 403 2602 αυτωνη,
446 2584 501 2591 --ην
513 2584 561 2601 aut
583 2584 622 2608 ψ.
640 2584 686 2599 ιυι
696 2584 738 2603 1——
749 2584 942 2607 εςειιαυησεται
957 2584 1013 2601 mn.
1023 2584 1054 2601 ἢ.
1096 2584 1117 2592 "
1132 2584 1413 2628 συνεκπεμψσι-εχῃ
1427 2584 1482 2603 om.
1496 2584 1530 2604 Δ.
1558 2584 1578 2593 ”
1590 2584 1648 2603 εστι
1663 2584 1720 2604 om.

83 2611 116 2638 Δ.
154 2611 214 2627 rma
229 2611 464 2647 μηξενδςέσχιᾶς
475 2617 530 2647 0m_.
617 2607 782 2647 "pqﬁ‘p‘né
799 2616 880 2647 τινων
892 2609 1006 2647 άιδικῃρῇ
1023 2617 1077 2647 om.
1089 2610 1134 2647 AL
1160 2611 1182 2647 'f’
1197 2610 1307 2645 ἐξαρκεῖ
1320 2613 1353 2639 Α.
1399 2614 1406 2627 ¹
1422 2613 1447 2638 ει
1462 2626 1496 2631 —-
1511 2611 1722 2647 παρεσκεύασας

83 2654 138 2673 om.
150 2647 184 2672 A.
221 2646 243 2660 “¹
257 2645 288 2673 δὴ
303 2646 364 2672 add.
380 2646 412 2671 A.

80 2716 126 2742 τόν
140 2724 167 2742 τι
181 2711 214 2742 Ᾱ.
253 2716 276 2732 ’θ
291 2715 350 2742 οὐδὲ
362 2711 508 2751 κηρύττειν
522 2711 577 2751 om.
594 2714 625 2740 Α.
640 2750 644 2751 7
666 2712 686 2728 ⁹¹
701 2711 774 2751 eique]
785 2720 811 2751 ρ.
822 2711 882 2751 1ι19.

80 2751 180 2786 νόμους
196 2750 334 2786 εἰσφέρεις
354 2750 406 2777 Α(
439 2750 462 2766 ³⁸
477 2750 540 2783 που]
562 2757 609 2775 σου
632 2750 664 2776 Α.

116 2852 175 2888 (85)
193 2852 302 2888 Direpla
316 2852 391 2882 urbis
406 2852 499 2880 facies.
515 2851 673 2888 Propertius
693 2859 726 2878 an
739 2851 869 2878 Catulus"

716 2748 740 2763 "‘
753 2745 801 2774 καὶ
816 2747 881 2784 μὴν]
896 2756 922 2783 p.
939 2749 1001 2776 ΗΟ.

856 2805 974 2834 NOTAE.

442 2645 466 2661 "
479 2644 530 2681 χρὴ
543 2644 575 2679 δὴ
587 2641 668 2677 κατὰ]
682 2641 811 2681 χρῄματα
823 2644 856 2670 Α.
893 2641 1011 2681 {usus
1025 2645 1134 2681 ἑαυτοῦ]
1150 2641 1233 2672 αὑτοῦ
1248 2641 1280 2673 Ἀ.
1318 2647 1341 2662 ⁸⁵
1354 2647 1456 2673 παίδων
1469 2647 1490 2673 Α
1503 2655 1510 2673 :
1527 2641 1640 2674 παιδίων
1653 2655 1683 2678 ς.

82 2681 140 2696 ⁸⁸·⁸⁷
155 2677 431 2728 πέρα-πλεονεξίας]
447 2677 574 2714 καῐιερᾶ
584 2678 735 2728 vicina;qu
747 2677 981 2728 ἷάφουῇὲυλησξξ
991 2681 1039 2707 καὶ
1051 2677 1224 2728 {usus}???
1233 2682 1266 2709 Α.
1303 2681 1501 2728 “irai-9m.
1539 2681 1561 2697 ”
1575 2681 1613 2717 μὴ
1629 2677 1719 2728 τοιοῦῖ

82 2716 126 2728 _l..
140 2724 164 2728 _.
186 2717 198 2728 Δ
253 2716 276 2728 ιο
291 2716 314 2728 -.’
362 2723 508 2728 ..--..---...
523 2722 565 2728 ιιι-1
702 2721 712 2728 ε
728 2721 748 2728 σ-
785 2720 800 2728 n
948 2721 953 2728 ι
991 2716 1053 2728 ..ιη-Ξ
1074 2724 1111 2728 ι...
1165 2725 1178 2728 -
1208 2725 1222 2728 Α
1233 2726 1240 2728 .
1257 2725 1287 2728 λ..
1425 2725 1510 2728 __..__
1523 2716 1703 2728 _-_-...__-.',_

933 2713 1240 2753 ’_'f’_vopi§_stv_—érf0q;
1254 2725 1309 2745 Olll.
1322 2718 1352 2743 A.
1391 2716 1511 2753 ³⁸-ταῦτα
1522 2713 1718 2753 πραγματεύῃὶ

1053 2751 1076 2766 ν’
1094 2751 1148 2778 τῶν
1164 2748 1224 2779 om:
1236 2753 1268 2779 Α.
1305 2753 1328 2769 ⁸⁸
1346 2752 1382 2784 ὡς
1396 2748 1487 2787 οὗτος⁸

581 2886 649 2918 Quid
664 2887 763 2919 farinnt
779 2887 864 2914 hostes
876 2892 951 2920 mpm
971 2886 1102 2914 crudelius
1118 2885 1203 2912 urbe?
