1923 3093
150 117 218 149 1519

725 113 855 144 PHOTll
874 114 1127 146 PATRIARCIL’E
1146 117 1199 149 CP.

1713 116 1726 147 1
1732 117 1784 148 5Ξο

119 168 127 175 ’
147 174 282 202 sermonis
296 172 405 208 rcjccll,
432 178 491 206 qua:
514 171 534 197 si
556 169 690 203 posuiSsct
718 169 744 196 in
773 170 860 201 initio,
889 174 942 196 noti

997 171 1158 206 προφάσεως
1169 172 1201 209 ¹⁷]
1229 174 1279 200 οὒκ
1297 174 1443 205 ἀσκέπτως
1462 174 1524 209 ἐμοὶ
1538 174 1627 201 δοκεῖν
1638 173 1698 201 οὐδὲ
1713 175 1785 208 φαύ-

147 221 290 255 potuisset,
307 218 399 250 credo,
419 217 521 250 reliqua
545 216 688 243 deducere.

991 216 1044 248 λως
1055 218 1085 248 ⁸³,
1096 218 1150 244 οὐδ’
1162 219 1200 249 ὡς
1208 219 1345 251 ἐξέπεσεν,
1353 220 1410 246 ἀλλ’
1420 221 1493 252 ὅπως
1505 219 1691 255 συγκρυφθείη
1700 228 1730 246 τε
1745 219 1785 251 ὡς

147 266 259 294 δυνατὸν
270 264 397 300 μάλιστα,
407 264 454 290 καὶ
466 264 491 290 εῐ
503 272 542 294 τις
556 263 643 298 εὑρὼν
656 263 755 298 χρῷτο,
767 262 827 298 μηδ’
841 261 991 297 αὗτδςδοκῇ
1005 265 1160 298 παρελθεῖν,
1173 266 1229 292 ἀλλ’
1241 267 1315 302 ὲνείη
1325 268 1346 283 ¹⁹
1358 276 1365 282 ·
1375 267 1447 293 οὕτω
1462 267 1547 302 μέσην
1554 267 1615 294 τινὰ
1624 264 1784 302 εὗρετάξιν,

149 315 195 343 καὶ
206 311 379 348 ἆμαπρὺςτῇ
393 311 504 346 τελευτῇ
514 310 559 336 τοῦ
570 310 650 344 λόγου
656 310 703 336 τοῦ
715 310 826 341 παντὸς..
841 309 858 337 ἃ
869 309 925 341 θεὶς
939 311 968 336 ὲν
980 311 1050 346 ἀρχῇ
1064 314 1118 344 τοῖς
1133 313 1232 349 ἑφεξῆς
1242 314 1293 340 οὐκ
1302 313 1413 348 ἔμελλεν
1424 313 1495 347 ἕξειν
1506 315 1540 347 ὀ,
1554 313 1642 348 οἶμαι,
1653 314 1783 349 χρῆσθαι.

185 358 282 396 4191)
298 356 355 384 Nec
383 357 455 383 enim
473 356 497 382 id
513 356 696 391 qua‘rcbatur,
721 360 810 382 utrum
831 355 938 382 lacilius

148 412 222 434 esset
238 407 373 434 exsistere
397 406 439 433 vel
458 413 510 433 non
527 405 658 432 exsistere
671 411 765 431 vertnn
787 409 937 430 oratorem.

149 453 217 480 Nam
234 453 286 479 hoc
298 452 409 487 quidem
431 456 459 479 et
474 459 524 478 nos
540 455 683 482 testamur,
704 457 746 482 ac,
767 449 790 476 si
802 448 939 476 Stentoris

148 497 312 525 haberemus
344 504 439 524 vocem
477 497 708 531 proclamaremus
725 514 733 527 ,
764 499 793 522 et
818 493 894 520 Nilus
916 493 939 521 si

149 543 228 571 ostiis
243 548 348 578 septem
365 543 436 577 loqui
456 547 563 577 posset,
580 546 609 569 ut
624 541 693 576 apud
707 540 854 568 Homerum
872 540 938 567 Sca-

149 590 273 617 mander.
298 590 350 616 Sed
375 594 466 616 utrum
485 588 542 615 lieri
558 596 608 623 per
634 592 758 615 naturam
780 590 882 621 posset,
903 593 937 612 an

150 635 251 666 minus,
270 634 321 661 hoc
341 639 399 660 erat
422 634 448 660 in
465 633 615 668 quastione
639 632 767 666 positum.
790 630 846 658 Nec
866 630 938 657 enim

149 680 311 715 simpliciter
327 681 417 711 modo,
429 686 516 714 neque
532 683 561 705 ut
577 686 649 705 nunc
659 678 841 710 ostendimus,
853 677 940 711 ipsum

152 726 204 752 sibi
227 724 448 757 conti-edixisse,
471 724 518 751 sed
544 728 572 751 et
598 724 661 751 dum
681 724 741 751 illos
765 722 941 758 reprehendit

151 772 225 798 hunc
239 770 398 802 Aristidem,
410 777 490 804 quem
508 770 638 801 laudavit|
655 769 766 797 laudare
781 777 834 797 non
850 776 939 804 posse,

153 821 200 843 aut
217 815 240 842 si
254 815 326 842 hunc
342 821 415 842 recte
438 814 538 846 laudat,
561 814 623 841 illos
638 815 733 842 eadem
747 814 781 841 de
793 821 875 841 causa
898 821 942 840 re-

153 860 322 896 prehendere
343 867 395 886 nou
424 866 503 893 posse
531 859 739 886 declarabimus.
766 858 872 886 Etenim
890 859 942 886 hoc

154 906 232 933 malae
253 906 372 940 ipsorum
387 905 633 932 administrationis
650 905 758 939 signum
767 905 851 939 ponit,
867 904 940 939 quod

154 954 189 980 ab
203 951 418 979 Atheniensibus
436 952 506 979 male
521 951 576 986 sint.
593 951 711 983 tractati,
728 952 806 985 quasi
819 951 864 986 qui
882 951 940 978 lue-

155 1003 216 1025 rant
231 997 264 1023 ab
277 996 342 1030 ipsis
359 996 453 1031 Optimi
470 996 568 1024 redditi
585 1016 591 1028 ,
609 1003 662 1022 non
683 995 841 1022 debuissent
852 996 879 1021 in
896 1003 942 1023 eos

155 1049 280 1075 peccare,
298 1047 347 1075 per
359 1047 427 1074 quos
439 1040 518 1067 etiam
534 1039 568 1066 ab
584 1039 645 1066 aliis
660 1039 790 1066 hcdendis
804 1040 943 1066 abstinere

156 1087 316 1113 didicerant.
337 1086 403 1118 Qua:
423 1093 484 1112 cum
509 1086 547 1112 ita
570 1085 715 1120 posuisset,
738 1091 765 1112 et
787 1085 896 1120 aurigas
910 1091 943 1113 ac

156 1131 255 1159 similia
270 1131 323 1159 huc
339 1131 506 1164 adduxisset.
525 1131 672 1158 Aristidem
691 1135 782 1158 tamen
796 1139 847 1158 non
863 1131 943 1158 modo

156 1186 209 1205 non
227 1177 414 1212 reprehendit,
434 1176 481 1204 sed
503 1180 531 1204 et
545 1177 616 1203 inter
631 1181 744 1203 caetems
762 1175 890 1203 eximium
902 1176 944 1211 ju-

156 1222 266 1250 dicavit.
292 1221 373 1256 Atqui
392 1221 414 1248 si
437 1221 472 1249 ab
495 1220 710 1248 Atheniensibus
737 1221 807 1248 male
822 1220 942 1253 multari,

156 1267 233 1294 malae
247 1267 368 1301 ipsorum
387 1266 592 1300 gubernationis
606 1271 664 1293 erat
677 1267 784 1301 signum
796 1285 804 1298 ,
825 1274 858 1294 ne
882 1267 944 1294 Ari-

161 1312 246 1339 stides
261 1311 371 1346 quidem
398 1316 473 1338 recte
496 1318 543 1338 eos
564 1311 646 1343 rexit,
661 1312 878 1347 quandoquidem
896 1320 946 1339 nec

157 1356 216 1390 ipse
239 1356 350 1390 impune
362 1355 460 1388 evasit,
480 1355 546 1389 quin
567 1355 706 1383 excideret
724 1365 730 1382 :
745 1356 826 1391 idque
846 1364 898 1384 non
919 1357 944 1383 in

157 1401 246 1433 eurla,
264 1401 334 1428 sicut
345 1399 464 1428 Pericles
480 1404 506 1426 et
525 1399 670 1432 Miltiades,
689 1409 738 1428 nec
753 1409 800 1435 per
815 1408 862 1428 eos
877 1404 945 1435 Quos

1026 357 1064 383 Οὺ
1076 358 1130 392 γὰρ
1148 359 1202 385 si“
1218 359 1309 395 ῥᾴδιον
1320 359 1337 394 ἢ
1359 358 1397 394 μὴ
1410 358 1448 393 τῷ
1462 359 1519 385 ὄντι
1531 359 1658 393 γενέσθαι
1680 358 1786 393 ῥήτορα

991 401 1137 437 προῦκειτο
1166 404 1292 436 σκοπεῖν,
1320 404 1381 430 ἐπεὶ
1402 403 1481 430 τοῦτό
1501 412 1534 437 γε
1559 403 1606 429 καὶ
1626 403 1707 437 ἡμεῖς
1723 421 1731 433 ,
1759 403 1786 429 εἰ

993 447 1093 483 βούλει,
1119 448 1313 484 μαρτυροῦμεν
1324 469 1331 478 .
1354 449 1406 476 κᾶν
1421 449 1445 475 εἰ
1467 449 1517 484 τὴν
1534 449 1678 483 Στέντορος
1693 447 1787 483 φωνήν

992 493 1175 528 κτησαίμεθα,
1189 493 1366 529 φθεγξώμεθ’
1377 494 1419 526 ἂν,
1434 493 1471 525 ὼς
1482 494 1511 520 οὺ
1521 494 1622 529 ῥᾴδιον,
1635 493 1685 521 κᾶν
1695 495 1709 520 ό
1720 493 1787 519 Νεῖ-

992 539 1048 573 λος,
1062 537 1085 567 ὦ
1100 541 1230 575 μακάριε,
1248 542 1303 572 τοῖς
1323 541 1392 567 ἑπτὰ
1406 541 1536 576 στόμασιν
1552 540 1577 566 εί
1592 540 1669 567 λάϐοι
1681 539 1786 574 φωνὴν,

992 585 1086 621 ὥσπερ
1100 587 1114 612 6
1126 586 1302 621 Σκάμανδρος
1319 586 1379 613 καθ’
1393 586 1528 621 Ὅμηρον.
1546 585 1617 612 Ἀλλ’
1632 586 1657 611 ει
1671 585 1787 611 δυνατόν

992 632 1008 667 ἢ
1023 631 1071 667 μὴ,
1089 633 1136 658 καὶ
1152 632 1234 666 φύσιν
1248 632 1304 658 ἐστ’
1319 631 1379 667 ἔχον
1396 631 1543 667 συμϐῆναι,
1557 630 1630 658 τοῦτ’
1640 629 1674 666 ἦν
1694 631 1727 657 ἐκ
1736 630 1786 656 τοῦ

992 677 1084 711 λόγου.
1102 677 1255 712 Φανήσεται
1266 678 1289 693 ’ί
1306 678 1361 713 γὰρ
1369 677 1392 694 ’³
1417 677 1466 711 οὐχ
1483 676 1588 709 ἁπλῶς,
1614 676 1668 703 οὐδ’
1682 676 1720 707 ὠς
1738 676 1788 702 νῦν

995 722 1076 757 μόνον
1091 722 1275 757 δείκνυμεν¹⁸,
1292 723 1332 754 είς
1347 723 1411 753 τοὺς
1426 721 1566 752 ἐναντίους
1583 721 1719 756 ἐληλυθὼς
1734 722 1788 747 αὺ-

994 766 1037 798 τὸς
1049 766 1148 802 ἑαυτῷ,
1163 767 1231 793 ἀλλὰ
1241 767 1288 793 καὶ
1301 767 1332 798 ἐξ
1343 764 1379 793 ὢν
1391 767 1512 798 ἐκείνους
1521 767 1628 802 ᾐτίαται
1644 765 1788 802 [τοῦτο-η’]

999 813 1167 848 Ἀριστείδην
1180 813 1209 840 ὃν
1224 814 1356 848 ἐπῄνεσεν
1371 814 1496 840 ἐπαινεῖν
1509 814 1560 840 οὐκ
1573 813 1654 848 ἔχων,
1669 813 1686 847 ἢ
1707 813 1789 848 εἴπερ

993 858 1081 893 ὀρθῶς
1101 859 1207 886 ἐπαινεῖ
1221 858 1327 891 τοῦτον,
1345 859 1389 886 διὰ
1399 859 1429 885 τὸ
1440 859 1506 885 αὐτὸ
1519 858 1598 885 τοῦτο
1609 858 1664 885 οὐδ’
1676 858 1700 873 ’⁸
1715 858 1790 884 ὲκεί-

993 913 1053 937 νους
1072 905 1142 940 ἔχων
1152 905 1336 933 αἰτιάσασθαι.
1350 905 1428 938 Πῶς;
1445 905 1486 932 ὅτι
1506 905 1639 939 σύμϐολον
1649 905 1682 937 ’⁷,
1697 902 1791 939 οἶμαι,

994 952 1112 978 ποιεῖται
1129 951 1177 978 τοῦ
1205 952 1298 983 κακῶς
1319 951 1470 987 Ἀθηναίων
1486 951 1608 982 ἐκείνους
1635 951 1791 986 προστῆναι

993 996 1023 1023 τὸ
1037 997 1133 1023 παθεῖν
1150 998 1249 1028 αὐτοὺς
1265 997 1311 1024 ὑπ’
1333 997 1484 1031 Ἀθηναίων
1501 996 1605 1028 κακῶς,
1621 997 1659 1028 ὡς
1675 998 1726 1022 οὐκ
1755 996 1792 1022 ἂν

993 1041 1056 1073 τούς
1066 1049 1098 1074 γε
1104 1042 1128 1057 ’³
1144 1041 1264 1076 βελτίους
1280 1041 1326 1068 ὑπ’
1341 1041 1431 1069 αὐτῶν
1440 1042 1603 1077 γενομένους
1614 1041 1792 1076 ἁμαρτόντας

994 1086 1034 1117 είς
1049 1085 1172 1117 τούτους,
1194 1086 1239 1120 ὑφ’
1262 1083 1300 1113 ὧν
1321 1086 1383 1121 μηδ’
1401 1087 1442 1116 εἰς
1465 1087 1527 1117 τοὺς
1544 1086 1641 1117 ἄλλους
1664 1084 1792 1121 ἀμαρτά-

995 1139 1050 1158 νειν
1069 1131 1279 1167 ὲπαιδεύθησαν.
1295 1132 1388 1159 Ταῦτα
1406 1132 1435 1158 δὲ
1456 1132 1527 1158 οὕτω
1556 1132 1625 1164 θεὶς,
1649 1133 1698 1158 καὶ
1717 1132 1792 1167 ήνιό-

995 1179 1090 1213 χους¹⁹
1108 1179 1153 1205 καὶ
1166 1179 1201 1205 τὰ
1230 1179 1342 1206 τοιαῦτα
1368 1179 1562 1213 ὲπεισαγαγὼν
1582 1179 1718 1212 ἐνταυθοῖ,
1741 1179 1791 1206 τόν

996 1232 1028 1258 γε
1040 1223 1062 1239 ³ο
1086 1223 1258 1259 Ἀριστείδην
1281 1225 1312 1251 οὐ
1336 1223 1416 1258 μόνον
1435 1224 1513 1250 οὐδὲν
1532 1223 1635 1258 φαῦλον
1662 1224 1788 1260 εἴρηκεν,

995 1269 1064 1297 ἀλλὰ
1081 1269 1129 1295 καὶ
1147 1269 1241 1304 σαφῶς
1252 1268 1392 1304 ἐξαίρετον
1405 1269 1460 1296 τῶν
1479 1269 1566 1297 ἄλλων
1588 1270 1737 1304 πεποίηται
1753 1269 1788 1296 ³¹.

996 1316 1093 1342 Καίτοι
1118 1316 1142 1342 εί
1169 1316 1201 1342 τὸ
1224 1315 1322 1342 παθεῖν
1347 1315 1440 1347 κακῶς
1456 1315 1502 1342 ὑπ’
1521 1315 1672 1350 Ἀθηναίων
1697 1313 1732 1350 ἦν
1757 1324 1787 1342 τι

995 1361 1095 1395 δεῖγμα
1107 1361 1154 1387 τοῦ
1176 1361 1212 1396 μὴ
1240 1360 1330 1392 καλῶς
1364 1360 1515 1396 Ἀθηναίων
1541 1361 1711 1396 προστῆναι,
1733 1360 1792 1387 οὐδ’

1003 1406 1172 1442 Ἀριστείδης
1188 1406 1312 1442 προῠστη
1333 1406 1424 1438 καλῶς
1435 1414 1442 1421 ·
1462 1407 1523 1433 οὐδὲ
1536 1407 1589 1441 γὰρ
1603 1403 1680 1438 οὗτος
1700 1407 1791 1439 eoeo;

159 1446 249 1481 pepuli
267 1453 347 1473 causa
361 1445 521 1479 oll‘enderat,
539 1453 634 1472 verum
653 1446 687 1473 ab
709 1447 767 1480 ipso
784 1445 943 1473 testularum

998 1451 1029 1486 δή
1056 1459 1107 1478 που
1125 1451 1264 1486 διέφυγεν,
1294 1450 1352 1477 ἀλλ’
1378 1450 1501 1483 ἐξέπεσε.
1519 1451 1671 1486 Προσθήσω
1695 1452 1724 1477 δὲ
1747 1451 1791 1478 ὅτι

158 1491 291 1525 sullragio
305 1491 504 1519 condemnatus
517 1490 585 1526 (86).
604 1491 657 1519 Sed
670 1491 835 1525 gubernator
849 1491 942 1519 omnia

158 1537 254 1570 novit;
268 1540 295 1564 et.
310 1536 398 1571 ipsum
419 1537 527 1571 quidem
540 1537 632 1571 plures
645 1537 715 1563 ultra
733 1537 807 1563 mille
822 1543 943 1568 servare,

157 1588 295 1610 oratorem
317 1589 380 1610 vero
408 1590 460 1609 non
482 1582 618 1618 Egyptiis
642 1583 768 1616 navibus,
792 1590 842 1610 nec
863 1583 945 1610 etiam

158 1629 246 1656 classe
262 1632 317 1656 tota
336 1628 451 1656 salutem
467 1629 592 1662 delinire,
608 1630 654 1656 sed
671 1634 698 1656 et
715 1635 808 1664 porttts
828 1629 901 1664 ipsos
919 1633 947 1656 et

159 1675 251 1707 urbes,
264 1681 316 1702 non
339 1679 443 1701 tantum
456 1674 550 1701 decem
570 1675 711 1702 hominum
733 1675 847 1702 millium
865 1682 946 1709 capa-

159 1727 216 1752 ces,
233 1727 282 1755 pro
294 1720 407 1747 navibus
419 1721 510 1747 decem
525 1720 638 1747 millium
651 1721 749 1756 pondo,
762 1728 854 1747 verum
864 1721 946 1747 etiam

159 1774 214 1793 non
235 1765 315 1793 facile
332 1766 382 1793 sub
397 1773 552 1793 mensuram
570 1767 699 1793 cadentes
718 1774 767 1794 suo
785 1773 879 1800 regere
899 1767 946 1793 itu-

159 1811 246 1846 perio.
274 1812 312 1839 Ac
334 1811 499 1846 gubernator
520 1812 631 1846 quidem
659 1817 802 1846 postquam
825 1812 945 1847 appulit,

161 1863 219 1885 arte
239 1865 291 1885 non
320 1858 436 1892 amplius
458 1858 562 1891 utitur,
584 1858 686 1885 oratori
709 1866 775 1885 vero
798 1859 887 1885 nullus
906 1863 948 1885 est

160 1911 262 1931 vacuus
281 1904 367 1931 locus.
385 1903 484 1931 Verum
503 1911 537 1930 ne
557 1911 647 1931 sermo
667 1904 786 1931 sermoni
808 1906 945 1936 sum-edat,

159 1957 220 1977 cum
244 1948 377 1976 sulliciaut
401 1956 434 1976 ea
453 1957 513 1984 quae
542 1954 605 1976 suttt
628 1950 742 1983 potiora,
771 1951 893 1978 omittam
921 1952 946 1978 in

159 1995 304 2029 prmsemia
321 1994 472 2029 longiorem
487 1995 538 2022 hac
553 1996 586 2022 de
606 2002 634 2022 re
654 1994 754 2030 42οα
786 1996 948 2030 disputatio-

160 2048 233 2068 nem.
251 2040 425 2068 Rhetoricam
443 2049 491 2075 per
508 2049 603 2069 omnes
618 2042 748 2069 virtutum
765 2048 858 2077 partes
867 2051 948 2078 pene-

159 2093 243 2120 trare,
255 2095 316 2114 cum
331 2095 379 2122 per
393 2089 565 2122 prudetttiatn
583 2088 620 2115 sit
634 2089 744 2116 inventa
766 2096 816 2124 pro
828 2090 946 2124 iustitia,

998 1494 1076 1529 οὗτός
1091 1505 1123 1532 γε
1138 1497 1214 1524 οὐδὲν
1229 1497 1398 1532 δικαστηρίῳ
1409 1497 1579 1532 δυστυχήσας
1602 1496 1696 1532 ὥσπερ
1717 1498 1791 1524 Μιλ-

997 1543 1092 1578 τιάδης
1106 1543 1155 1570 καὶ
1182 1543 1328 1578 Περικλῆς,
1353 1542 1409 1569 οὐδ’
1437 1542 1490 1569 ὑπὸ
1505 1543 1607 1569 τούτων
1633 1540 1675 1574 οἷς
1701 1552 1790 1578 προσ-

998 1589 1129 1624 έκρουσεν
1143 1588 1212 1624 ὑπὲρ
1226 1588 1281 1615 τῶν
1298 1588 1415 1620 πολλῶν,
1433 1588 1491 1615 ἀλλ’
1507 1589 1728 1624 ἐξοστρακισθεὶς
1743 1590 1791 1616 ὑπ’

998 1634 1082 1661 αὐτοῦ
1109 1634 1157 1661 τοῦ
1177 1635 1275 1669 δήμου.
1306 1634 1415 1661 Ἔστι²¹
1438 1635 1467 1661 δὲ
1494 1635 1541 1661 καὶ
1560 1636 1715 1671 κυΰερνὴτῃ
1741 1636 1791 1662 καὶ

998 1681 1080 1707 παντὶ
1096 1681 1212 1707 συνιδεῖν
1223 1671 1266 1707 δτι
1284 1680 1454 1715 κυϐερνήτης
1470 1680 1520 1715 μὲν
1541 1682 1618 1711 ὅστις
1644 1681 1791 1712 πλείστους

999 1726 1142 1761 ἀθρόους⁸³
1157 1726 1259 1753 ἔσωσεν
1277 1727 1346 1760 ὑπὲρ
1359 1726 1382 1742 ³⁸
1395 1726 1507 1761 χιλίους,
1523 1727 1554 1752 τὸ
1568 1727 1597 1753 δὲ
1611 1726 1659 1753 τοῦ
1675 1727 1791 1762 ῥήτορ.ς

998 1772 1137 1807 πλήρωμα
1151 1772 1165 1798 δ
1180 1771 1260 1803 σώζει
1283 1771 1314 1798 οὐ
1331 1772 1402 1798 κατὰ
1427 1771 1494 1798 ναῦν
1518 1772 1592 1798 ἐστιν
1623 1773 1789 1806 Αἰγυπτίαν,

998 1818 1059 1845 οὐδὲ
1073 1827 1104 1852 γε
1121 1817 1203 1854 [1264
1219 1817 1267 1854 IL]
1289 1818 1358 1849 ὅλως
1376 1819 1518 1852 μετρεῖται
1540 1818 1637 1852 στόλῳ,
1652 1818 1721 1844 ἀλλὰ
1743 1819 1791 1844 καὶ

998 1864 1108 1899 λιμένες
1124 1864 1201 1890 αὐτοὶ
1213 1864 1235 1879 ³⁵
1250 1864 1298 1890 καὶ
1314 1863 1406 1894 πόλεις
1418 1864 1448 1890 οὐ
1467 1863 1625 1898 μυρίανδροι
1640 1863 1720 1898 μόνον
1730 1865 1792 1890 ἀντὶ

998 1910 1053 1937 τῶν
1077 1909 1265 1945 μυριοφόρων,
1286 1909 1354 1935 ἀλλὰ
1382 1909 1429 1935 καὶ
1452 1909 1586 1944 μετρῆσαι
1605 1909 1734 1944 χαλεπαὶ,
1756 1911 1791 1945 τῇ

998 1957 1048 1990 τῆς
1063 1957 1211 1991 ῥητορικῆς
1228 1955 1413 1982 ὑποπίπτουσι
1427 1955 1496 1991 τύχῃ
1510 1963 1539 1981 τε
1563 1956 1611 1982 καὶ
1625 1955 1791 1991 προστασίᾳ.

998 2003 1054 2029 Καὶ
1067 2003 1080 2029 ό
1097 2001 1146 2037 μέν
1163 2002 1222 2035 re“
1246 2001 1416 2037 κυϐερνήτης
1440 2001 1565 2036 κατάρας
1579 2001 1670 2027 οὐκέτι
1691 2000 1748 2035 ἔχει
1765 2001 1794 2026 τι

998 2048 1131 2083 χρήσεται
1148 2048 1180 2082 τῇ
1196 2047 1278 2083 τέχνῃ
1291 2054 1297 2061 ·
1313 2046 1360 2073 τοῦ
1374 2046 1402 2072 δὲ
1421 2048 1534 2081 ῥήτορος
1555 2045 1632 2072 οὐδέν
1652 2047 1711 2072 ἐστι
1737 2055 1792 2080 χω-

1002 2094 1057 2128 ρίον
1075 2093 1224 2128 ἐξαίρετον.
1259 2092 1328 2119 Ἀλλ’
1355 2092 1399 2118 ἵνα
1417 2092 1438 2108 ³⁷
1458 2091 1496 2127 μὴ
1511 2091 1589 2124 λόγος
1617 2092 1684 2126 ἡμῖν
1712 2091 1792 2125 λόγον

159 2135 392 2169 temperantiaque
406 2140 433 2161 et
454 2134 612 2162 fortitudine
628 2141 816 2164 conservetur.
836 2137 903 2164 Item
920 2142 943 2164 et

1001 2137 1152 2172 ὲκδέξηται,
1164 2137 1306 2172 ἀγαπητὸν
1320 2136 1350 2163 ὃν
1365 2137 1389 2163 εὶ
1409 2137 1457 2162 καὶ
1471 2137 1526 2167 τοῖς
1542 2136 1698 2171 ἐπικαίροις
1710 2137 1794 2171 ἐξαρ-

159 2181 185 2207 in
211 2181 254 2207 his
281 2180 345 2207 licet
363 2181 591 2208 animadvertere.
613 2181 720 2209 Etenim
750 2189 812 2209 cum
834 2183 871 2209 sit
895 2183 947 2210 hoc

158 2225 325 2258 concionari,
334 2233 365 2253 ea
378 2226 478 2260 quibus
486 2233 554 2260 opus
562 2231 603 2253 est
614 2227 737 2254 invenire
748 2235 780 2254 ac
789 2227 944 2263 disponere,

158 2277 190 2297 ae
203 2272 332 2298 decorum
348 2279 408 2298 cum
428 2276 525 2299 ornatu
545 2277 572 2299 et
585 2277 719 2307 potestate
731 2273 888 2306 observare,
903 2274 947 2302 in-

159 2317 250 2344 ventio
263 2317 371 2351 quidem
388 2317 538 2351 prudentia:
560 2317 686 2350 debetur,
706 2325 768 2345 cum
787 2325 905 2354 nequeat
924 2320 947 2346 is

158 2362 205 2396 qui
220 2363 362 2397 prudentia
378 2367 482 2395 careat.
499 2363 564 2390 utile
575 2363 722 2398 quidquam
734 2364 867 2396 invenire,
880 2370 947 2392 tem-

158 2408 279 2443 perantia
301 2416 365 2436 vero
386 2408 617 2435 administrationi
638 2414 745 2443 praeest,
766 2414 793 2436 et
810 2410 946 2444 imperan-

1000 2184 1143 2218 κέσαιμεν,
1157 2183 1194 2209 ὲῶ
1208 2183 1238 2209 τὸ
1250 2182 1298 2208 νῦν
1311 2181 1381 2209 εἶναι
1394 2181 1442 2217 τὴν
1457 2181 1526 2217 ὑπὲρ
1541 2181 1635 2207 τούτου
1648 2181 1792 2216 διαφοράν.

1002 2229 1066 2265 [685
1083 2228 1130 2265 Ι-Ι.]
1148 2229 1209 2256 ’Ότι
1233 2229 1284 2264 ﬁ"
1313 2228 1445 2264 ῥητορικὴ
1469 2228 1513 2254 διὰ
1541 2228 1650 2255 πάντων
1666 2228 1721 2254 τῶν
1742 2230 1794 2263 τῆς

999 2275 1100 2311 ἀρετῆς
1116 2274 1219 2310 μορίων
1232 2275 1330 2310 διήκει¹
1351 2274 1480 2309 φρονήσει
1508 2274 1558 2308 μὲν
1575 2273 1730 2308 εὑρεθεῖσα,
1745 2275 1789 2300 εὑ-

1002 2321 1110 2356 ρεθεῖσα
1138 2320 1166 2346 δὲ
1200 2320 1271 2355 ὑπὲρ
1295 2320 1482 2354 δικαιοσήνης,
1509 2319 1672 2354 σωφροσύνῃ
1688 2319 1716 2344 δὲ
1744 2319 1794 2345 καὶ

1000 2367 1112 2402 ἀνδρείᾳ
1128 2366 1317 2400 φυλαττομένη
1330 2366 1362 2392 ³⁸.
1378 2365 1463 2391 Τοῦτο
1481 2365 1509 2390 δὲ
1525 2366 1572 2391 καὶ
1595 2365 1666 2391 κατὰ
1680 2365 1792 2397 τούτους

999 2413 1062 2444 τοὺς
1080 2412 1176 2446 λόγους
1193 2411 1251 2446 [οὓς
1268 2411 1357 2445 μέλλω
1368 2410 1391 2426 ⁸ο
1409 2412 1495 2437 εἰπεῖν
1508 2410 1603 2445 αὐτῆς]
1622 2411 1685 2437 ἰδεῖν
1704 2411 1791 2438 ἐστιν.

805 2499 921 2529 VARl/E
940 2501 1143 2530 LECTIONES.

192 2558 212 2573 "
223 2558 307 2600 19ft;
328 2566 402 2600 τινος
414 2559 577 2600 προφᾴσεῳς
589 2567 653 2600 om}.

741 2562 762 2576 ¹¹¹
786 2562 846 2588 οὐδὲ
871 2563 979 2596 φαύλως
994 2571 1049 2591 om.
1066 2565 1098 2591 A.
1141 2563 1162 2578 "
1177 2562 1236 2590 ἀλλ’
1255 2562 1328 2596 ὲνείη
1346 2569 1400 2589 om.
1419 2562 1451 2588 A.
1491 2563 1513 2578 ¹⁰
1535 2564 1590 2594 τοῖς
1608 2578 1642 2583 -—
1655 2564 1727 2596 ἕξειν
1741 2565 1764 2591 Δ
1782 2574 1788 2591 :

154 2593 298 2635 ςῇςτὲξει
314 2602 343 2625 ς·
383 2594 403 2635 ’_'
418 2594 554 2635 Oﬁjégjl
566 2595 606 2635 ,(ρ.
624 2593 682 2635 illi
696 2596 760 2630 ἡμῖν
774 2596 840 2635 ﬁlo-3
928 2599 950 2635 ξ’
964 2593 1126 2635 φανήσεται]
1139 2606 1164 2631 p.
1182 2597 1242 2635 l_5_0.
1281 2598 1304 2612 “
1317 2593 1382 2635 γὰρᾌ
1391 2598 1461 2635 δ’Δῇ
1492 2598 1514 2613 ’⁸
1530 2593 1743 2635 δείκνυμενόιιι.
1756 2600 1788 2626 Λ.

155 2630 181 2646 ’⁵
193 2628 286 2654 τοῦτον
302 2636 357 2655 om.
382 2628 414 2654 A.

156 2665 178 2702 ’ξ’
193 2671 225 2697 γε
245 2671 298 2690 om.
316 2663 357 2702 _A.
380 2663 568 2702 __“_:r._5_rt_oln_x5
662 2667 683 2680 ³²
705 2666 762 2692 ἔστι

453 2629 476 2644 ’³
487 2629 540 2667 ουδ’
559 2630 579 2655 Α
601 2639 608 2667 ς
628 2629 749 2667 οὺδὲνξνς.
788 2632 810 2647 ’⁷
823 2629 978 2667 ,σύμϐουλον
991 2629 1155 2660 -Ἇτοιεῐ-Ᾱ.
1195 2633 1218 2648 ¹⁸

926 2668 948 2682 If:

156 2668 178 2681 ³⁰
193 2671 225 2697 γε
245 2671 298 2690 om.
325 2668 357 2689 A.
396 2668 568 2703 ⁸¹λπεποῐηκε
593 2668 630 2703 Λ.¹
662 2668 683 2680 ³¹
705 2668 762 2692 ἔστι
790 2668 828 2702 δὲ]
850 2675 876 2702 p.
901 2668 959 2695 155.
1008 2669 1030 2685 ³³
1055 2668 1160 2703 ἀθρόως
1186 2668 1218 2695 Δ.

155 2700 178 2718 ³⁸
193 2706 223 2729 γε
239 2706 292 2726 οιιι.
309 2699 340 2724 A.
380 2699 399 2713 ³⁷
419 2698 474 2724 αλλ’
491 2698 545 2731 ἵν’]
559 2708 582 2732 ν-
601 2700 658 2726 157-
699 2702 720 2716 ³⁸
733 2702 773 2727 ὅτι
786 2701 814 2736 ἡ]
831 2711 856 2736 p.
875 2703 932 2729 l00.
972 2703 994 2720 '9
1007 2703 1196 2739 φυλασσομένη
1211 2711 1240 2735 ς.

1233 2640 1278 2683 γιξι
1290 2634 1431 2683 ῼῘΒΞΛΑᾹΜ
1440 2633 1522 2683 ¹⁹Λκαὶ
1536 2634 1658 2683 ηἴιόχους
1682 2642 1726 2661 om

1008 2669 1030 2685 ³³
1055 2668 1160 2703 ἀθρόως
1186 2667 1218 2695 A.
1256 2667 1364 2703 "deep
1389 2675 1444 2694 om.
1461 2669 1493 2696 A.
1544 2667 1657 2694 "ab-.01
1684 2678 1729 2695 om
1755 2672 1789 2697 A.

1279 2701 1301 2717 ⁸ο
1315 2701 1360 2733 οὒς
1378 2702 1467 2738 μέλλω
1480 2704 1566 2730 εἰπεῖν
1583 2704 1667 2738 αὐτῆς
1682 2713 1727 2732 om
1755 2708 1788 2732 Λ.

917 2770 1032 2799 NOTAE.

190 2813 245 2847 (86)
267 2813 330 2839 \‘iulc
346 2813 518 2841 Plutarchum
532 2819 554 2839 ct
573 2813 701 2846 Probum,
716 2825 760 2842 st-u
780 2817 861 2843 Corn.
886 2816 1024 2850 Nepotem.
