1923 3093
122 149 186 182 1521

628 155 887 187 BIBLIOTHECA.
906 161 942 174 -δ
957 157 1039 187 COD.
1059 157 1218 188 CCXLVII.

1681 135 1764 190 mea~

119 206 198 233 Ἐστι
212 206 260 241 μὲν
275 207 329 242 γὰρ
354 192 386 242 δὴ
412 207 493 234 που⁸¹
513 208 673 244 ῥητορεύειν
701 209 732 236 τὸ
752 210 787 236 τὰ
811 210 907 238 δέοντα

973 211 1027 238 ium
1044 219 1075 238 ac
1090 212 1240 245 parentiunt
1254 211 1416 239 concordiae.
1436 211 1500 239 Nam
1515 212 1681 248 projttstitia
1697 214 1746 241 de-

119 252 240 288 ἐξευρεῖν
250 253 272 268 ³³
288 253 335 279 καὶ
359 253 441 285 τάξαι
457 253 505 280 καὶ
533 253 568 280 τὰ
596 254 735 290 πρέποντα
759 256 906 283 ἀποδοῦναι

121 300 190 335 μετὰ
205 300 306 334 κόσμου
321 300 533 336 καὶδυνάμεως.
545 300 672 328 Φαίνεται
686 302 715 328 δὲ
728 303 744 337 ἡ
762 303 811 337 μὲν
827 302 907 338 εὗρε-

121 354 162 377 σις
176 346 246 373 κατὰ
267 347 316 382 τὴν
339 347 469 382 φρόνησιν
492 346 603 382 ἔχουσα,
634 347 742 383 εῐπερ⁸³
770 349 908 384 ἀμήχανον

121 392 278 427 φρονήσεως
314 392 530 428 ἀπολειπόμενον
565 393 620 419 τῶν
644 394 788 430 χρησίμων
816 395 909 430 εὑρεῖν

125 436 214 463 ότιοῦν
229 437 262 470 ⁸⁵,
280 438 296 472 ἡ
315 437 344 464 δὲ
373 437 534 473 σωφροσύνη
557 438 627 465 κατὰ
646 439 695 475 τὴν
719 439 879 474 διαχείρισιν
887 440 909 456 ’⁵⁵

121 482 189 510 οὖσα
205 483 250 510 καὶ
267 483 317 519 τὴν
334 483 390 510 τῶν
411 484 574 519 ἡγουμένων
594 493 625 511 τε
642 484 689 512 καὶ
705 485 820 512 εἰκότων
841 494 912 521 συμ-

122 530 242 563 φωνίαν
258 530 319 556 ἀντὶ
327 530 350 548 ⁸⁸
368 530 392 556 δ’
417 530 504 565 αὐτῆς
512 530 534 546 ⁸⁷
550 530 725 566 δικαιοσύνης
750 531 781 558 τὸ
806 532 912 567 πρέπον

121 574 201 601 τιθεῖ.
216 574 302 602 Τοῦτο
317 575 345 601 δέ
363 576 436 602 ἐστιν
448 576 529 602 ὁποῖα
537 575 561 591 ⁸⁸
577 575 646 603 ἄττα
667 577 715 603 καὶ
732 577 818 604 ὁπόσα
829 586 912 613 προσ-

122 622 184 656 ήκειν.
195 622 302 657 ἑκάστῳ
311 621 396 648 σῶσαι
407 622 446 657 τῷ
455 622 610 657 πράγματι.
628 623 708 650 Ἀλλὰ
720 623 774 659 μὴν
785 624 914 658 ἀνδρείας

123 667 154 692 ὲκ
167 666 214 692 τοῦ
232 667 324 698 εὐθέος
348 667 410 693 οὐδὲ
435 667 507 694 οὕτω
517 667 580 688 ⁸⁸-⁵⁰
607 668 731 703 μετέχειν
747 668 784 700 ὡς
803 669 817 695 ό
834 669 913 703 λόγος

125 711 247 746 βούλεται
258 718 267 728 ⁸
283 712 314 739 τὸ
328 713 383 748 γὰρ
397 713 524 740 ταπεινὸν
540 714 587 740 καὶ
602 713 713 748 ἀγεννὲς
727 714 803 741 οὐδὲν
814 714 912 747 οὕτως,

123 758 160 789 ὼς
172 759 186 784 ὁ
200 758 288 791 λόγος,
306 758 424 793 ἐξορίζει
438 759 485 785 καὶ
503 759 687 794 ὑπερφρονεῖ·
705 759 760 786 είεν
772 761 806 787 “.
829 757 913 792 Οὗτος

124 803 138 829 ὁ
151 802 284 830 νουθετῶν
294 803 397 830 ἁνύτει.
409 800 494 835 Οὗτος
508 805 521 830 ό
535 804 696 840 κατηγορῶν
709 805 869 833 πιστεύεται
879 806 912 834 ⁵¹.

125 849 178 875 Καὶ
191 848 243 883 μὴν
259 850 332 880 ὅστις
341 849 365 865 ⁸⁸
385 857 416 883 γε
433 849 451 877 ἃ.
471 850 593 885 προσῆκε
611 850 701 884 λέγειν
715 848 796 883 οἶδεν,
812 848 882 878 οἶδεν
891 851 914 868 ³⁸

124 893 142 921 ἃ
157 894 288 929 πράττειν
298 895 430 930 προσήκει
441 903 448 911 ·
458 895 547 927 οὐδεὶς
560 896 613 930 γὰρ
623 896 696 923 ἐστιν
705 897 790 930 ὅστις,
798 896 816 924 ἃ
826 905 911 932 προσ-
927 892 948 919 Β

125 941 188 973 ήκει
220 941 351 975 πράττειν
367 942 454 968 εἰπεῖν
474 940 569 973 εἰδὼς,
589 941 607 969 ὰ
631 942 765 977 προσήκει
786 943 915 978 πράττειν

126 987 234 1020 ἀγνοεῖ,
261 986 314 1012 οὐδ’
337 987 412 1017 ὅστις
440 987 546 1021 ἀγνοῶν
573 988 591 1014 ἃ
607 988 741 1023 προσήκει
766 989 915 1023 πράττειν,

102 1047 103 1050 η
127 1033 214 1059 εἰπεῖν
231 1032 298 1067 ἔχει,
315 1033 421 1068 Ὀσῳ⁸⁵
440 1033 494 1068 γὰρ
503 1033 526 1050 ⁵⁸
550 1034 644 1069 ἄρχειν
668 1034 773 1069 βέλτιον
793 1035 810 1070 ἢ
825 1035 917 1062 διακο-

127 1079 193 1110 νεῖν,
211 1078 330 1114 τοσούτῳ
346 1079 436 1113 λέγειν
452 1080 486 1106 τὰ
509 1079 602 1106 δέοντα
620 1079 724 1115 βέλτιον
739 1081 755 1115 ἦ
775 1081 915 1115 πράττειν.

134 1125 164 1151 ὐ
183 1125 232 1160 μὲν
252 1126 318 1159 γὰρ,
346 1122 435 1160 οἶμαι,
454 1126 561 1157 πολλοῖς
581 1126 733 1161 σύμὸουλος
759 1126 874 1161 γίνεται,
902 1129 916 1154 ὁ

128 1171 156 1197 δὲ
182 1170 240 1197 ἀνθ’
257 1171 316 1202 ἑνδς
334 1171 414 1198 ἀλλου
438 1172 510 1203 τινὸς
536 1172 652 1205 γίνεται.
670 1172 776 1208 Ὠσπερ
791 1171 837 1200 οὖν
854 1174 919 1205 τοὺς

129 1217 324 1252 ἀρχιτέκτονας
347 1216 401 1244 τῶν
423 1217 558 1243 τεκτόνων
577 1217 683 1253 ἀνάγκη
709 1218 853 1253 προέχειν,
875 1218 918 1245 όν-

128 1271 179 1294 τας
187 1263 209 1279 ⁸⁷
224 1263 298 1297 ὅμως
319 1263 384 1298 περὶ
397 1263 486 1289 ταυτὰ
499 1263 517 1290 ἃ
535 1263 613 1290 καὶ¹¹¹
627 1263 678 1298 τῆς
705 1264 759 1290 τῶν
784 1264 919 1291 τεκτόνων

132 1309 208 1335 ἐστὶν
232 1309 390 1345 ἐμπειρίας,
408 1308 479 1336 οὕτω
504 1309 552 1335 καὶ
578 1309 644 1340 τοὺς
669 1311 697 1336 ὲν
723 1311 784 1342 ταῖς
807 1311 921 1345 ἀγοραῖς

131 1355 180 1381 καὶ
197 1355 253 1386 τοῖς
277 1355 367 1388 λόγοις
382 1355 550 1390 προέχοντας
561 1355 615 1383 τῶν
634 1356 739 1388 τούτοις
753 1357 920 1393 ὑπηρετούν-

131 1407 186 1425 των
209 1399 328 1433 βελτίους
343 1401 357 1426 ό
381 1399 496 1434 ποιητὴς
512 1400 593 1435 ἔθηκε
614 1401 661 1427 καὶ
683 1402 831 1436 προσεῖπεν
857 1403 921 1438 ἀρι-

133 1446 249 1480 πρεπεῖς
284 1445 356 1480 μάλα
380 1445 468 1481 ὀρθῶς
497 1446 665 1481 προσειπών.
685 1447 717 1474 Εί
745 1447 803 1474 ﬁ"
821 1448 922 1475 δεῖκαὶ

136 1490 223 1526 μῦθον
244 1491 347 1524 λέγειν,
363 1491 470 1517 δέδοικα
488 1492 537 1526 μὲν
560 1491 615 1526 ἐγὼ
631 1493 669 1528 μὴ
685 1495 732 1519 καὶ
757 1495 818 1525 ταῖς
834 1503 921 1529 γραυ-

960 263 1054 283 corum
1067 260 1194 290 ponatttr,
1213 257 1286 291 quod
1308 256 1334 283 in
1350 263 1382 284 eo
1401 257 1538 290 consistit,
1558 261 1588 285 ut
1605 263 1706 294 quanta
1720 263 1748 286 et

961 302 1053 337 qualia
1070 302 1186 338 singulis
1204 303 1286 330 rebus
1298 303 1474 335 conveniant,
1489 304 1662 332 observetur.
1679 304 1746 332 For-

961 347 1106 376 titudinem
1120 352 1211 375 autem
1225 347 1292 375 nihil
1304 347 1371 375 adeo
1392 348 1519 382 requirit,
1534 352 1564 375 ut
1576 349 1675 376 oratio.
1700 348 1748 376 Ni-

963 393 1000 422 hil
1020 394 1091 421 enim
1108 394 1273 421 exterminat
1289 394 1394 429 longius
1407 401 1439 422 ac
1453 394 1655 430 despicitmque
1670 395 1748 430 igno-

963 438 1096 466 bilitatem
1114 446 1195 474 quam
1221 439 1320 466 oratiu.
1346 439 1411 472 Quae
1435 446 1497 466 cum
1518 439 1556 466 ita
1580 447 1609 467 se
1620 440 1748 473 habeant,

963 485 1020 511 hzce
1037 485 1208 512 admonendo
1228 484 1347 519 proiicit,
1362 488 1389 511 et
1401 484 1556 512 accusando
1573 485 1652 512 [idem
1674 485 1749 512 facit.

964 529 1030 557 Nam
1048 530 1095 565 qui
1116 530 1182 564 quid
1195 530 1340 558 dicendum
1361 530 1397 557 sit
1410 531 1495 562 novit,
1516 530 1581 565 quid
1594 529 1749 558 faciendum

964 575 1000 602 sit
1011 583 1064 603 non
1082 575 1188 610 ignorat
1205 584 1212 603 :
1226 581 1254 602 et
1266 582 1344 603 nemo
1359 580 1447 610 potest
1469 576 1573 610 agenda
1590 575 1750 610 praecipere,

964 621 1009 655 qui
1025 621 1088 656 quid
1101 621 1234 656 agendum
1251 621 1286 649 sit
1303 621 1420 656 ignorat.
1442 620 1508 648 Nam
1527 625 1629 656 quanto
1653 621 1751 648 melius

964 671 1006 694 est.
1027 667 1161 702 imperare
1182 674 1262 702 quam
1285 668 1452 698 minislrare,
1473 672 1548 694 tanto
1562 672 1675 702 praestat
1693 675 1753 702 qnze

963 718 1070 748 oportet
1089 714 1182 742 dicere
1213 722 1293 748 quam
1320 714 1419 742 facere.
1442 714 1476 742 Ut
1497 714 1570 741 enim
1594 713 1639 741 ille
1661 713 1754 740 multis

964 759 1109 786 consilium
1129 759 1262 794 impertit,
1285 760 1321 787 ita
1349 759 1491 787 hicinstar
1511 759 1626 786 alterius
1643 765 1686 786 est
1705 766 1752 786 cn-

963 804 1060 839 jusvis.
1088 804 1179 838 Quare
1207 806 1275 832 sicut
1303 805 1447 832 architecti
1489 804 1573 832 fabris
1599 805 1755 832 necessario

966 855 1108 885 praestant,
1127 851 1252 886 quamvis
1274 851 1300 878 in
1322 851 1416 878 eodem
1438 856 1581 879 versentur
1602 858 1697 884 opera,
1715 851 1755 877 sic

967 906 1013 926 eos
1024 899 1071 934 qui
1092 898 1119 926 itt
1141 897 1201 926 foro
1213 903 1241 925 et
1255 897 1370 925 dicendo
1389 897 1559 932 prmcellnnt,
1585 897 1681 924 horum
1704 897 1754 922 mi-

967 945 1065 972 nistris
1087 949 1166 980 poeta
1186 943 1316 971 meliores
1332 944 1435 979 posuit,
1448 947 1476 970 et
1494 943 1615 970 illustres
1638 942 1759 977 appella-

967 984 1020 1021 vit,
1033 989 1114 1024 idque
1135 989 1280 1016 admodum
1305 993 1389 1016 recte.
1408 987 1483 1020 Quod
1504 988 1527 1015 si
1547 987 1636 1015 fabula
1649 994 1758 1022 quoque

969 1035 1105 1062 narranda
1131 1039 1183 1067 est,
1204 1042 1301 1062 vereor
1325 1034 1474 1069 equidem,
1493 1042 1527 1061 ne
1551 1033 1612 1068 quis
1637 1032 1767 1060 aniculas.

969 1081 1110 1109 nobiscum
1123 1081 1191 1107 unde
1202 1081 1227 1107 vi
1242 1087 1322 1114 posse
1336 1087 1420 1114 agere
1431 1079 1503 1107 dicat
1516 1079 1664 1114 perjocnm
1675 1079 1759 1106 comi-

968 1135 1027 1155 cus.
1040 1127 1180 1154 Proferam
1198 1131 1288 1154 tamen
1302 1126 1431 1159 fabulam,
1446 1133 1498 1153 non
1515 1130 1618 1152 temere
1630 1125 1657 1152 in
1668 1125 1765 1159 seipsa-

970 1173 1151 1205 desinentem,
1165 1173 1213 1200 sed
1226 1176 1254 1199 et
1268 1179 1330 1199 cum
1347 1178 1437 1198 rerum
1457 1171 1510 1197 lide
1523 1170 1707 1203 coniunctam.
1727 1169 1758 1196 Ει

970 1219 1099 1253 quoniam
1112 1218 1291 1246 Prometheus
1306 1217 1364 1253 (87)
1380 1216 1520 1251 sigillatim
1536 1216 1675 1248 omnibus,
1696 1223 1759 1242 sen-

971 1273 1017 1293 sus
1036 1271 1063 1293 et
1080 1265 1131 1292 alia
1141 1265 1265 1299 corporis
1277 1264 1399 1292 membra
1413 1263 1556 1296 formarat,
1572 1269 1624 1290 non
1641 1262 1677 1289 ita
1689 1261 1760 1290 Mer-

971 1313 1048 1340 curio
1063 1311 1194 1346 przecepit
1208 1309 1326 1345 Jupiter,
1347 1309 1423 1344 quasi
1443 1309 1604 1337 theatralem
1618 1308 1760 1343 pecuniam

971 1357 1069 1394 42οὸ
1097 1357 1288 1389 distribuerat,
1309 1359 1339 1383 ut
1356 1363 1454 1383 omnes
1473 1363 1507 1383 ex
1527 1354 1623 1383 ordine
1641 1355 1762 1382 rhetori-

972 1411 1043 1434 cam,
1058 1403 1136 1438 quasi
1154 1402 1258 1435 oculos,
1275 1409 1383 1435 manus,
1399 1405 1445 1428 aut
1465 1402 1547 1436 pedes
1565 1406 1765 1434 censequeren-

974 1455 1029 1484 lur,
1054 1450 1101 1477 sed
1125 1451 1242 1484 optimos
1259 1455 1383 1483 quosque
1401 1451 1430 1474 et
1455 1446 1649 1478 nobilissimos,
1667 1453 1700 1473 ac
1717 1453 1764 1472 na-

974 1500 1035 1523 tura
1052 1495 1219 1522 validissima
1236 1494 1366 1529 praeditos
1383 1493 1519 1527 seligeret,
1542 1492 1640 1526 quibus
1654 1491 1704 1519 ltoc
1715 1492 1765 1517 do-

134 1537 176 1563 otv
191 1537 265 1571 ἡμᾶς
275 1536 406 1570 ἐξούλης
422 1536 514 1571 ὀφλεῖν
524 1537 708 1565 ἐπισκώπτων
732 1540 768 1574 φῇ
795 1547 838 1571 τις
851 1540 921 1574 ἀνὴρ

975 1550 1039 1570 num
1057 1541 1221 1576 impertiret,
1242 1547 1297 1575 quo
1312 1547 1373 1568 sese
1397 1539 1501 1574 pariter
1516 1544 1543 1566 et
1564 1538 1632 1566 alios
1657 1545 1767 1565 servare

134 1582 269 1616 κωμικὸς,
293 1581 349 1617 ἐρῶ
365 1582 392 1608 δὲ
408 1582 437 1608 οὐ
461 1582 546 1617 μῦθον
568 1582 656 1615 ἄλλως
672 1583 752 1610 αὐτὸν
773 1585 813 1616 είς
824 1584 921 1611 ἑαυτὸν

132 1627 314 1660 τελευτῶντα,
333 1627 400 1654 ἀλλὰ
412 1627 460 1654 καὶ
475 1627 593 1655 ἐνταῦθα
606 1629 623 1664 ἡ
636 1629 711 1664 παρὰ
722 1629 775 1656 τῶν
792 1630 924 1664 πραγμά-

133 1681 188 1699 των
219 1672 366 1707 προσέσται
377 1673 400 1690 ⁶⁰
427 1673 527 1705 πίστις.
550 1674 580 1701 '0
595 1675 674 1710 μὲνθι
691 1675 737 1703 οὖν
760 1675 925 1712 Προμηθεὺς

134 1719 196 1745 καθ’
213 1718 328 1746 ’ἑκαστον
343 1720 387 1746 ἐπ’
402 1719 464 1755 ίσης
475 1721 497 1736 ⁶²
513 1720 600 1747 ἅπασι
615 1721 664 1753 τάς
675 1730 704 1748 τε
721 1721 862 1757 αἰσθήσεις
877 1722 925 1750 καὶ

133 1764 168 1790 τὰ
178 1765 246 1799 μέλη
258 1765 305 1791 τοῦ
317 1765 442 1800 σώματος
454 1767 658 1802 συμπεπλακὼς
669 1768 693 1787 θ’
706 1765 740 1803 ἦν
754 1768 886 1804 πρότερον
892 1768 926 1784 °'"

137 1811 184 1838 τὴν
201 1810 230 1837 δὲ
260 1811 365 1846 Ἑρμῆν
381 1812 430 1847 οὐχ
442 1812 538 1844 ῗοῦτως
561 1813 704 1840 ἐκέλευσεν
718 1814 732 1840 ό
749 1814 818 1845 Ζεὺς
832 1813 929 1849 ὥσπερ

138 1857 272 1892 θεωρικοῦ
296 1858 414 1884 διάδοσιν
443 1858 559 1892 διελεῖν,
586 1860 631 1886 ἵνα
653 1860 753 1891 πάντες
780 1860 929 1895 ῥητορικῆς

136 1903 235 1938 ἑφεξῆς
253 1904 391 1938 μετέχοιεν
409 1904 503 1940 ὥσπερ
531 1905 680 1940 όςρθαλμῶν
703 1906 750 1932 καὶ
769 1906 868 1942 χειρῶν
882 1907 929 1932 καὶ

137 1949 237 1981 ποδῶν,
255 1949 312 1976 ἀλλ’
325 1950 518 1986 ἐπιλεξάμενον
533 1952 596 1983 τοὺς
610 1952 738 1987 ἀρίστους
748 1953 794 1978 καὶ
806 1961 929 1986 γενναιο-

136 1995 234 2026 τάτους
260 1995 308 2022 καί⁸
330 1996 379 2027 τὰς
402 1996 499 2030 φύσεις
519 1997 793 2032 ἐρρωμενεστάτους,
822 1998 929 2030 τούτοις

138 2040 292 2075 ἐγχειρίσαι
318 2042 348 2068 τὸ
365 2041 462 2077 δῶρον,
480 2043 524 2069 ἶνα
539 2041 606 2077 ὁμοῦ
631 2044 702 2077 σφᾶς
722 2053 752 2070 τε
768 2044 868 2076 αὐτοὺς
883 2044 930 2071 καὶ

138 2087 200 2118 τοὺς
215 2087 312 2119 ἄλλους
324 2087 421 2120 σώζειν
436 2087 536 2123 ἔχοιεν.
564 2089 749 2125 ’Λφικομένης
765 2090 794 2116 δὲ
823 2092 932 2125 ῥητορι-

139 2133 191 2166 κῆς
204 2134 235 2159 ἐκ
249 2133 318 2160 θεῶν
328 2133 414 2166 οὕτως
428 2135 457 2166 ἐς
466 2135 639 2171 ἀνθρώπους,
655 2136 828 2172 ἠδυνήθησαν
848 2137 897 2170 μὲν
908 2137 931 2152 ⁸⁵

139 2178 279 2214 ἄνθρωποι
303 2179 352 2215 τὴν
375 2180 445 2215 μετὰ
467 2180 522 2207 τῶν
546 2181 648 2216 θηρίων
669 2181 775 2208 δίαιταν
807 2182 929 2218 χαλεπὴν

140 2225 281 2259 ἐκφυγεῖν,
296 2225 453 2253 ἐπαύσαντο
465 2226 494 2253 δὲ
511 2226 605 2262 ἐχθροὶ
630 2227 730 2259 πάντες
742 2228 820 2259 ὄντες
848 2228 931 2264 ἀλλή-
946 2223 972 2253 D

140 2271 196 2302 λοις
207 2272 235 2297 ὲν
247 2272 349 2307 κύκλῳ.
364 2272 507 2304 κοινωνίας
519 2273 546 2299 δὲ
555 2270 633 2308 εὖρον
644 2274 743 2309 ἀρχήν.
756 2273 933 2306 Καταϐάντες

139 2318 169 2343 δὲ
184 2319 215 2345 ὲκ
230 2318 282 2345 τῶν
294 2319 366 2354 ὀρῶν
377 2319 452 2346 ἄλλοι
467 2319 528 2346 κατ’
539 2319 605 2346 ἄλλα
620 2319 691 2355 μέρη
704 2321 753 2355 τῆς
769 2321 933 2355 οἰκουμένης

140 2365 341 2399 ἐπλησιάσαντό
364 2373 396 2399 γε
425 2365 532 2400 πρῶτον
552 2365 682 2401 ὕπαιθροι
695 2386 702 2398 ,
731 2367 800 2402 μετὰ
814 2367 843 2393 δὲ
855 2367 935 2394 τοῦτο

141 2410 193 2445 ήδη
210 2410 290 2444 λόγου
314 2412 476 2447 νικήσαντος
501 2412 578 2439 πόλιν
591 2422 620 2439 τε
636 2413 873 2440 κατεσκευάσαντο
888 2414 935 2441 καὶ

140 2456 317 2491 διεκρίθησαν
328 2458 350 2474 ⁸⁸
375 2458 424 2493 οὐχ
443 2458 537 2494 ὥσπερ
563 2459 712 2494 πρότερον,
738 2459 776 2490 ὼς
798 2458 892 2494 ἔτυχεν
901 2460 933 2491 ⁸⁷,

143 2501 216 2539 [καὶ]
225 2503 264 2535 είς
273 2504 303 2530 τὸ
317 2504 364 2531 νῦν
377 2505 471 2541 σχῆμα
491 2506 538 2532 καὶ
548 2505 656 2540 ἀξίωμα
664 2507 753 2540 χρόνῳ
766 2513 796 2531 τε
805 2506 852 2532 καὶ
866 2505 937 2532 κατὰ

976 1591 1098 1622 possent.
1112 1585 1172 1613 Jam
1195 1593 1257 1613 eum
1272 1585 1306 1612 ad
1325 1585 1450 1612 homines
1474 1592 1489 1610 a
1510 1583 1564 1610 diis
1585 1587 1658 1610 esset
1678 1582 1765 1610 delata

977 1632 1125 1664 rhetorica,
1141 1636 1197 1659 tum
1222 1636 1251 1659 et
1277 1630 1429 1658 belluarum
1460 1627 1593 1658 terrorem
1620 1632 1767 1663 potuerunt

977 1678 1108 1713 effugere,
1119 1681 1146 1705 el.
1157 1676 1317 1704 inimicitias
1329 1676 1448 1710 undique
1457 1674 1652 1709 deposuerunt,
1673 1679 1705 1700 ac
1719 1679 1767 1700 so-

978 1723 1086 1752 cietatis
1113 1723 1279 1751 invenerunt
1303 1721 1424 1749 initium.
1450 1721 1488 1748 De
1514 1719 1650 1747 montibus
1676 1717 1771 1753 itaque

978 1769 1186 1801 descendentes,
1200 1768 1246 1795 alii
1267 1768 1300 1795 ad
1319 1767 1372 1794 alia
1393 1767 1451 1794 loca
1472 1766 1524 1793 sibi
1541 1765 1657 1793 invicem
1668 1771 1767 1798 appro-

980 1818 1170 1849 ptnquarunt,
1194 1821 1227 1841 ac
1252 1813 1370 1848 primum
1387 1812 1495 1847 quidem
1517 1810 1568 1838 sub
1594 1810 1649 1842 dio,
1676 1814 1770 1844 postea

980 1868 1046 1888 vero
1058 1860 1240 1888 invalesccnte
1257 1859 1314 1893 jam
1334 1865 1472 1890 sermone,
1498 1857 1593 1884 urbem
1609 1860 1771 1883 construxe-

982 1910 1057 1938 runt,
1074 1913 1106 1933 ac
1117 1905 1282 1933 divisionem
1298 1904 1338 1931 sui
1356 1904 1532 1931 instituerunt
1548 1910 1601 1929 non
1621 1902 1771 1933 fortuitam,

983 1957 1013 1980 ut
1028 1953 1104 1985 olim,
1122 1953 1169 1980 sed
1185 1952 1212 1979 in
1226 1952 1340 1979 formam
1356 1950 1573 1985 dignitatemque
1592 1948 1771 1983 collegiorum

983 1998 1111 2033 paulatim
1129 1998 1280 2026 redactam.
1300 1997 1390 2032 Atque
1403 1997 1474 2023 hunc
1493 1994 1601 2029 quidem
1625 1994 1723 2022 habeat
1743 1993 1782 2020 ii—r

983 2051 1044 2070 nem
1065 2041 1168 2075 fabula,
1193 2042 1281 2076 capite
1299 2048 1418 2076 quoque,
1443 2039 1469 2067 ni
1489 2039 1579 2071 fallor,
1605 2046 1657 2065 non
1683 2038 1775 2072 inepto

984 2089 1107 2125 prmdita.
1125 2088 1320 2117 Verumtamen
1338 2094 1391 2114 non
1412 2093 1471 2114 esse
1487 2085 1605 2113 fabulam
1625 2085 1704 2115 hanc,
1726 2091 1776 2111 nec

986 2144 1041 2163 rem
1056 2135 1146 2162 fictam
1161 2135 1209 2162 sed
1228 2142 1333 2166 veram,
1346 2128 1429 2168 atque
1447 2132 1567 2168 ipsarum
1589 2138 1680 2158 rerum
1698 2129 1777 2157 ratio-

985 2189 1058 2215 nem,
1085 2181 1195 2217 exipsis
1219 2185 1304 2215 patet.
1329 2179 1499 2214 Quapropter
1516 2177 1538 2204 si
1561 2176 1643 2204 etiam
1665 2175 1777 2210 propius

986 2235 1140 2255 sermonem
1154 2227 1304 2260 deduxero,
1320 2226 1418 2252 tnirum
1430 2224 1484 2252 nisi
1497 2223 1612 2251 delicias
1622 2223 1648 2249 in
1664 2223 1777 2248 demon-

987 2273 1167 2302 strationibus
1194 2272 1285 2300 facere
1305 2272 1477 2303 videbimur,
1498 2277 1547 2297 nec
1572 2268 1656 2296 ullum
1679 2267 1779 2300 poterit

987 2323 1178 2355 argumentum
1193 2318 1302 2351 fortius,
1321 2325 1335 2344 a
1347 2324 1483 2352 quoquam
1494 2315 1535 2343 vel
1546 2314 1662 2350 sperari,
1681 2313 1788 2340 nedum.

988 2365 1114 2393 inveniri.
1136 2363 1229 2400 Neque
1248 2364 1321 2391 enirn
1344 2363 1402 2398 ipse
1427 2367 1533 2390 tantum
1551 2361 1637 2392 Plato,
1659 2365 1688 2386 ut
1708 2365 1780 2394 saepe

989 2417 1068 2445 ante,
1087 2411 1133 2439 sed
1149 2416 1176 2439 et
1191 2412 1218 2439 in
1239 2411 1281 2439 his
1295 2410 1361 2445 ipsis
1374 2409 1556 2441 sermonibus,
1576 2406 1693 2435 mirabili
1706 2406 1782 2433 vide-

989 2458 1052 2485 licet
1068 2464 1151 2493 opere
1169 2457 1257 2492 palam
1277 2456 1376 2484 fatetur
1400 2455 1562 2483 rhetoricam
1581 2454 1683 2489 optima
1709 2459 1782 2486 qua:-

990 2512 1042 2540 que
1055 2511 1145 2540 agere.
1159 2503 1221 2532 llaec
1231 2503 1264 2531 de
1271 2502 1454 2531 oblectatione
1462 2506 1489 2529 et
1497 2500 1622 2532 utilitate,
1634 2503 1662 2527 ut
1673 2498 1782 2533 saepius,

805 2581 921 2610 VABUE
939 2581 1143 2609 LECTIONES.

179 2631 201 2648 ¹¹¹
217 2632 248 2667 δή
266 2640 317 2659 που
332 2639 386 2660 om.
401 2632 432 2658 A.
471 2631 493 2647 ι’
509 2631 599 2667 εὑρεῖν
613 2631 645 2657 Δ.
662 2630 706 2667 _”
718 2630 937 2667 εἴπερνξδγὸτιοῦν
951 2638 1005 2657 om.

142 2667 213 2694 τίθει
231 2663 285 2694 om.
301 2668 333 2694 A.
371 2668 393 2683 "’
417 2666 514 2702 αὐτῆς]
530 2663 621 2702 malim
642 2663 676 2702 αὖ
699 2663 819 2702 τῐκῆξ⁸⁸
832 2666 914 2702 ρποζα
929 2680 954 2685 -‹

726 2698 787 2728 ίϐὶ,
830 2701 854 2716 ⁸³
869 2698 970 2727 οἶδενᾶ
995 2698 1037 2720 --’
1052 2700 1130 2731 εἰδὼς
1153 2700 1214 2725 add.
1241 2699 1272 2725 A.
1312 2698 1335 2714 "
1348 2699 1403 2731 ὅσῳ

143 2703 167 2718 δ’
194 2702 351 2729 πιστεύεται
376 2710 431 2729 om.
453 2699 486 2728 Λζ
505 2699 548 2718 ’⁸³
566 2699 654 2736 οὗτος]
672 2709 697 2735 p.

1109 2629 1130 2645 ⁸⁸
1153 2620 1309 2664 διαχήρισιν
1323 2629 1345 2654 Α
1359 2637 1366 2655 :
1382 2627 1549 2664 etoxeipch
1563 2635 1592 2658 ς.
1614 2661 1620 2664 “
1631 2625 1656 2642 ⁸⁸
1672 2625 1784 2664 αντὶ.-

979 2665 1038 2701 καὶ]
1056 2665 1118 2691 ποῖα
1132 2679 1168 2685 -—-
1179 2657 1253 2701 ﬁnAl.
1284 2664 1340 2701 ‘9-“_°
1364 2657 1640 2701 ooa‘e'ba&§1_ott’t._{t.
1658 2694 1664 2701 _
1677 2660 1700 2701 ’ξ
1717 2657 1783 2701 εἷεν.

1432 2705 1457 2731 ι).
1487 2696 1547 2723 165.
1598 2696 1621 2711 ¹⁶
1634 2694 1701 2729 γὰρ]
1717 2694 1738 2731 δῖ
1751 2696 1783 2721 Α.

144 2738 166 2754 ιτ
182 2724 431 2772 degreget?
453 2724 485 2753 ὶῖ
494 2737 541 2764 καὶ
554 2724 713 2770 ρλὲῖἒυῗιί.
728 2724 787 2763 1C."
800 2736 858 2762 "5!
871 2724 922 2770 δή
931 2724 1031 2772 ἀίω-ι.
1054 2724 1092 2772 Ἶξδ
1109 2724 1300 2772 magna}.
1335 2724 1361 2772 5i
1378 2724 1395 2760 ό
1410 2724 1587 2772 pEVJ‘p.-168.
1629 2724 1652 2746 σῖ
1668 2724 1711 2772 ἑτέ*
1725 2729 1786 2764 tm;

145 2782 162 2800 υ
173 2782 200 2800 ιι.
213 2773 243 2799 Δ.
268 2771 302 2788 ⁷⁸³
317 2771 463 2804 πεπλακὼς
481 2774 511 2799 Λ.
537 2773 574 2791 ’σι
589 2772 719 2807 πρότῖρον
733 2779 787 2799 om.
802 2772 833 2798 Α.

885 2772 908 2786 ⁸⁵
929 2771 977 2805 μὲν
993 2779 1046 2797 om.
1067 2770 1096 2796 Α.

1153 2771 1175 2787 δι’
1192 2769 1238 2797 καὶ
1253 2766 1437 2804 διεκρίθησαν.
1478 2767 1498 2782 ⁶⁷
1516 2766 1608 2800 ἔτυχεν
1623 2773 1676 2793 om.
1692 2766 1724 2791 Α.

917 2827 1032 2855 ΝΟΪ

185 2874 240 2910 (57)
259 2875 365 2903 licsioll.
385 2877 530 2909 [Ἔργον.
