1923 3093
115 149 182 184 1553

113 208 219 240 κλέους.
232 206 369 240 Ἕκαστος
387 208 442 244 γὰρ
464 206 563 234 ἑαυτὸν
576 205 686 241 πρῶτον
702 206 805 241 φέρων,
819 204 911 232 δεύτε-

114 262 162 288 ρον
185 252 382 286 συνεξέπιπτον
409 254 530 285 ἅπαντες
555 252 684 288 φέροντες
712 251 909 287 Θεμιστοκλέα.

118 298 150 326 ΊΙ
164 299 215 335 μὲν
228 299 275 326 οὖν
295 299 343 326 τοῦ
366 299 501 336 πρωτείου
529 299 631 334 ψῆφος,
661 295 749 333 οἶμαι,
764 297 813 325 τοῦ
835 298 909 325 πᾶσι

112 343 195 379 φύσει
221 344 428 380 συμϐεϐηκότος
449 343 605 379 ἀνθρώποις
631 341 685 378 ἦν·
700 342 780 369 τοῦτο
807 342 837 369 δέ
852 342 912 369 ἑστι

114 391 218 426 μηδένα
241 391 339 418 ἑαυτοῦ
366 391 467 426 μᾶλλον
498 390 599 425 φιλεῖν·
624 388 696 415 ὥστε
713 387 775 416 οὔτε
801 388 912 424 ἰσχυρὸν

113 433 188 470 εἶχεν
213 435 276 472 [699
295 435 342 472 IL]
369 436 446 463 οὐδὲν
463 435 526 463 οὔτε
550 434 718 470 συγγνώμης
741 433 910 469 ἀπήλλακτο.

117 481 153 508 Ίι
163 481 192 508 δὲ
204 481 275 517 ὑπὲρ
297 481 352 509 τῶν
374 481 510 518 δευτέρων
534 480 629 516 σαφῶς
653 480 704 516 ἤδη
727 479 864 515 σύμϐολον
876 477 912 516 ἦν

112 527 164 562 τῆς
174 526 315 563 ἀληθείας,
330 527 376 554 καὶ
389 527 430 554 ὃτι
446 526 497 554 οὐκ
511 523 585 561 εἶχον
597 525 699 561 ἑτέρως
711 525 818 552 θέσθαι.
830 525 911 552 Ὥστε

113 575 139 600 et
155 573 322 610 ⁴ιτροσείρίιτο
337 573 367 607 ἐξ
383 573 474 609 ἀρχῆς
504 572 609 608 μηδένα
625 571 722 599 ἑαυτὸν
740 571 835 607 φέρειν
853 571 911 598 ἀλλ’

113 619 219 655 ἓτερον,
251 619 439 655 Θεμιστοκλέα
466 619 568 651 πάντες
583 618 669 645 οἴσειν
693 617 816 654 ἔμελλον,
832 618 863 644 ὅν
879 625 911 652 γε

113 666 162 692 καὶ
187 665 288 698 παντὸς
302 665 384 693 ἄλλου
395 666 416 682 "
432 666 488 698 πᾶς
498 674 540 697 τις
554 665 720 700 προῦκρινεν
745 663 847 698 αὐτῶν,
865 664 913 691 καὶ

113 712 214 746 ὁμοίως
227 712 259 739 ἂν
268 711 291 728 ⁸⁵
314 711 423 747 πρῶτος
451 711 577 746 ἐγίγνετο
587 711 684 747 ὥσπερ
698 710 760 738 τότε
773 710 909 746 δεύτερος.

113 758 195 785 Οὕτω
206 758 255 786 καὶ
265 757 313 785 νῦν
323 758 450 794 δεύτερον
465 756 536 785 εἶναι
545 757 732 794 ψηφισάμενοι
747 757 913 793 προσόμοιον

113 804 233 837 ἐποίουν,
267 805 363 840 ὥσπερ
375 804 410 831 ἂν
424 804 449 831 εί
472 803 580 840 πρῶτον
604 801 783 839 ἐψηφίσαντο.
806 803 842 829 οὺ
859 801 912 838 μὴν

112 849 170 876 οὐδ’
198 849 286 881 οὕτως
300 849 412 876 ἔλαττον
439 849 510 886 ἔχων
521 848 654 885 ἀπῆλθεν,
669 848 728 876 ἀλλ’
743 848 913 884 ἀμφοτέροις

115 895 236 930 ἐνίκησε.
253 895 294 922 Τὰ
308 895 358 930 μὲν
368 895 423 931 γὰρ
438 894 536 930 πρῶτα
559 895 606 922 καὶ
622 894 701 929 παρὰ
715 894 766 929 τῆς
779 893 912 930 ἀληθείας

114 942 162 967 καὶ
174 941 239 977 παρ’
251 940 334 969 αὑτοῦ
348 941 440 969 λαϐὼν
461 939 518 977 εἶχε
531 941 573 976 (τὸ
587 941 642 976 γὰρ
660 941 727 968 αὐτὸ
749 941 806 973 τοῖς
820 939 911 972 ἄλλοις

113 987 227 1023 ἐποίησε
259 987 340 1023 μόνος
361 987 417 1015 τῶν
446 988 536 1016 ἄλλων
557 987 688 1022 δικαίως)
705 1008 713 1020 ,
736 986 773 1014 τὰ
792 986 822 1014 δὲ
850 986 911 1013 δεύ-

113 1041 181 1068 τερα
197 1033 249 1069 ἢδη
266 1033 473 1070 συνεκεχώρητο
481 1034 514 1067 ⁸⁸,
526 1033 597 1060 ὥστε
610 1033 640 1067 ἐξ
655 1033 784 1061 ἁπάντων
801 1033 911 1070 πρῶτος

112 1076 158 1114 ἦν.
177 1079 268 1115 Ἔχων
279 1080 304 1096 ⁷⁸
315 1079 342 1106 δὲ
354 1079 445 1114 λέγειν
466 1080 553 1107 πολλὰ
567 1081 615 1107 καὶ
636 1079 702 1116 περὶ
727 1080 782 1107 τῶν
798 1078 911 1114 ὕστερον

111 1124 195 1152 αὑτοῦ
224 1125 384 1161 συμφορῶν,
410 1126 457 1152 καὶ
478 1126 553 1157 ὅπως
574 1125 607 1152 ἂν
637 1125 710 1153 ἅπαν
736 1124 768 1151 τὸ
790 1125 909 1161 πρᾶγμα

112 1169 328 1205 συνεσκευάσθη,
341 1170 389 1196 καὶ
404 1169 496 1196 ὁποῖόν
510 1178 572 1196 τινα
588 1170 640 1197 κὰν
653 1169 759 1201 τούτοις
773 1168 910 1203 παρέσχεν

112 1215 222 1248 ἑαυτὸν,
252 1215 404 1252 ἐϐουλόμην
423 1215 457 1243 ἂν
480 1216 510 1243 ἐν
533 1215 621 1251 τούτῳ
648 1215 744 1251 χρείας
768 1212 839 1242 εῖναι
863 1215 910 1241 τὸν

111 1263 190 1296 λῦγον
208 1261 279 1289 ὥστε
292 1262 341 1289 καὶ
352 1263 425 1298 ιπερὶ
439 1261 541 1289 τούτων
552 1262 675 1296 ἐπείγειν
689 1260 760 1288 εἶναι
776 1261 891 1289 διελθεῖν
901 1269 909 1276 ·

110 1305 190 1341 οἶμαι
214 1307 269 1342 γὰρ
288 1308 379 1334 οὐδὲ⁷¹
396 1308 551 1343 φαυλότερα
560 1308 582 1324 ⁷⁸
602 1308 656 1334 οὐδ’
672 1308 777 1335 ἐλάττω
804 1306 858 1334 τῶν
872 1307 910 1333 εί-

111 1353 240 1388 ρημένων
255 1353 306 1389 ἥδη
319 1354 406 1380 εἰπεῖν
425 1353 459 1380 ἂν
474 1355 538 1388 περὶ
566 1353 659 1381 αὐτοῦ.
681 1353 759 1380 Ἐπεὶ
769 1353 797 1381 δὲ
811 1354 869 1389 ἅμα
879 1361 909 1379 τε

110 1401 222 1436 ἐξωτῆς
234 1400 389 1433 ὑποθέσεώς
404 1401 462 1427 ἐστι
479 1401 526 1427 καὶ
543 1401 632 1436 μῆκος
645 1400 839 1436 ἐπεισέρχεται
850 1401 909 1432 τοῖς

109 1445 213 1478 λόγοις,
228 1445 392 1480 παραλείψω
407 1444 506 1478 ταῦτα,
519 1445 646 1472 τοσοῦτον
670 1445 909 1481 ἐπιφθεγξάμενος

109 1492 158 1518 καὶ
176 1491 241 1526 περὶ
251 1490 346 1518 τούτου
364 1490 411 1517 τοῦ
428 1491 539 1526 μέρους,
553 1491 595 1517 ὅτι
607 1490 702 1526 ἐπειδὴ
712 1491 734 1506 ⁷³
751 1490 806 1517 ἔδει
822 1499 907 1526 στρα-

108 1537 199 1564 τεύειν
222 1537 269 1564 ἐπὶ
295 1537 344 1573 τὴν
364 1537 489 1570 Ἐλλάδα,
508 1536 657 1572 προύκρινε
677 1537 818 1573 τελευτᾷν,
835 1536 909 1572 ἔργῳ

109 1585 161 1619 μὲν
176 1584 264 1616 λύσας
285 1585 376 1610 πᾶσαν
397 1584 500 1615 αἰτίαν,
524 1583 615 1616 δείξας
629 1583 658 1610 δὲ
674 1583 774 1610 ὁπόσου
792 1583 908 1618 τιμᾶται

108 1631 158 1662 τὰς
182 1631 315 1667 πρότερον
332 1631 447 1666 πράξεις
470 1631 518 1657 καὶ
540 1630 576 1657 τὰ
587 1629 787 1664 πολιτεύματα,
804 1629 851 1656 καὶ
864 1629 907 1656 ὅτι

107 1677 238 1703 οὐδέποτε
255 1676 326 1703 ἑκὼν
347 1674 418 1703 εἶναι
433 1675 481 1702 τοῦ
496 1675 578 1702 καλοῦ
591 1675 639 1702 καὶ
650 1675 697 1702 τοῦ
713 1675 906 1711 προσήκοντος

107 1722 185 1750 οὐδὲν
199 1723 333 1758 πρότερον
360 1723 516 1757 ποιήσεται,
533 1722 563 1749 οὺ
579 1721 695 1748 πλοῦτον
706 1721 740 1754 ⁷⁸,
750 1722 781 1748 οὺ
799 1721 908 1754 παῖδας,

106 1768 158 1794 οὒκ
172 1767 293 1801 ἐλπίδας,
302 1767 333 1794 οὑ
340 1767 388 1803 τὴν
397 1767 535 1802 σωτηρίαν
547 1767 642 1803 αὐτήν.
652 1766 724 1801 Ἐγὼ
730 1767 752 1783 ⁷⁸
768 1766 819 1802 μὲν
832 1765 909 1802 οἶμαι

108 1813 156 1839 καὶ
185 1813 276 1849 ἱερέας
292 1814 339 1840 καὶ
364 1813 479 1848 ἱερείας,
493 1813 541 1840 καὶ
562 1813 637 1844 ὅστις
660 1812 740 1844 ἄλλος
763 1812 909 1849 Ἀθήνῃσιν

107 1860 220 1893 εὔχεται
228 1859 357 1895 δημοσίᾳ,
367 1858 481 1894 τοῦτ’,ἂν
495 1858 608 1890 εἰκότως
621 1858 683 1884 καθ’
696 1858 810 1885 ἕκαστον
820 1857 908 1889 έίιιος⁷⁸

107 1905 178 1940 πρὸς
200 1905 286 1932 ἅπασι
300 1906 356 1937 τοῖς
382 1904 473 1936 ἄλλοις
497 1904 710 1939 προσεύχεσθαι,
738 1903 808 1930 κατὰ
837 1903 904 1938 γοῦν

107 1950 230 1983 ἐκείνους
255 1951 319 1983 τοὺς
346 1950 471 1986 χρόνους,
494 1950 543 1977 καὶ
564 1950 617 1982 ἓως
638 1950 712 1985 ἐξῆν,
739 1949 821 1985 φῦναί
848 1958 908 1978 τινα

106 1997 201 2028 αὐτοῖς
212 1996 297 2033 ἄνδρα
309 1997 402 2032 ὅμοιον
414 1996 604 2032 Θεμιστοκλεῖ,
620 1996 667 2023 καὶ
682 1995 753 2031 μετὰ
764 1995 812 2031 τῆς
823 1995 908 2031 ἄλλης

107 2044 156 2070 καὶ
172 2043 245 2070 τοῦτ’
255 2044 378 2078 ἐνεγκεῖν
390 2043 439 2079 τὴν
454 2043 506 2078 γῆν
524 2042 655 2077 τάγαθόν.
673 2041 778 2069 Οὔκουν
787 2041 810 2058 ⁷⁷
826 2042 907 2069 ἐλάτ-

106 2098 146 2115 τω
159 2089 185 2123 γ’
200 2088 233 2115 ἂν
246 2088 359 2115 ὖνασθαί
382 2096 428 2124 μοι
440 2087 592 2123 δοκοῦσινῆ
608 2087 633 2114 εἰ
646 2086 737 2114 πάντα
751 2087 793 2118 είς
810 2087 908 2114 ἑκατὸν

107 2135 154 2161 καὶ
168 2134 208 2161 ἔτι
222 2134 308 2161 πλείω
316 2135 366 2170 τῆς
381 2134 473 2171 χώρας
485 2134 572 2169 αὐτῆς
583 2133 782 2170 ὲξενεγκούσης
791 2134 824 2160 ⁷⁸.
843 2134 908 2160 Ἀλ-

105 2181 161 2212 ho;
172 2180 223 2216 μὲν
238 2180 328 2207 τοίνυν
352 2180 511 2216 ᾐσχυνόμην
526 2179 616 2214 έγωγε
635 2179 682 2206 ἐπὶ
698 2179 836 2210 τοσούτοις
858 2179 908 2206 καὶ

107 2225 241 2257 τοιούτοις
267 2226 323 2257 τοῖς
339 2225 496 2261 εἰρημένοις
530 2226 651 2261 μάρτυσι
680 2224 904 2260 προσχρώμενος.

109 2273 188 2299 Ἐστι
202 2272 230 2299 δέ
246 2281 273 2299 τι
286 2271 424 2308 προῦργου
439 2272 503 2308 μιᾶς
525 2272 690 2308 μαρτυρίας,
705 2271 739 2307 ἢν
750 2271 791 2298 δεῖ
800 2274 903 2307 ’παρα-

108 2319 231 2355 σχέσθαι.
266 2318 436 2354 Σκεψώμεθα
463 2318 495 2353 δὴ
504 2319 527 2335 "'
557 2319 622 2345 ποτα
646 2317 716 2345 ἄττα
740 2317 815 2351 λέγει
839 2318 904 2352 περὶ

107 2364 327 2400 ι’)εμιστοκλέους
339 2366 406 2401 ἡμῖν
430 2364 562 2400 Αἰσχίνης
573 2364 597 2380 ⁸ο
620 2365 634 2391 ὁ
655 2363 819 2399 Σωκράτους
850 2363 900 2399 μὲν

108 2413 163 2440 τοῦ
173 2413 411 2448 Θεμιστοκλέους
422 2413 495 2445 ,βίου
509 2411 766 2447 ἐπιλαμϐάνεσθαι
776 2411 959 2446 ἐτόλμησας,
971 2412 1085 2447 σκέψαι
1098 2413 1151 2446 οἵῳ
1179 2412 1267 2447 ἀνδρὶ
1299 2412 1440 2448 ἐπιτιμᾷν
1457 2413 1595 2448 ἠξίωσας
1618 2422 1625 2429 ⁸

630 149 893 181 BIBLIO‘I‘IIECA.
912 160 947 167 -·
966 148 1047 180 COD.
1066 141 1246 180 CCXLVIII.

1687 146 1758 181 1554

925 205 951 235 Α
963 208 1132 233 momentum
1148 203 1266 232 habebat
1277 202 1375 236 ullum,
1388 209 1438 232 nec
1454 206 1514 231 erat
1527 201 1605 231 venia
1623 201 1732 238 indigna
1754 208 1761 224 ε

966 259 1060 279 verum
1077 258 1159 287 quant
1174 251 1209 279 de
1221 250 1352 279 secundis
1366 249 1491 277 ferebant
1511 249 1653 284 partibus;
1666 257 1698 278 ea
1714 257 1762 279 ve-

966 297 1056 325 ritatis
1084 302 1145 324 erat
1164 297 1271 325 illustre
1296 296 1499 329 testimonium,
1530 303 1580 324 nec
1609 303 1658 324 eos
1683 295 1764 324 aliter

965 351 1077 372 censere
1090 350 1169 378 posse
1182 342 1354 371 ostendebat.
1375 341 1548 378 Quapropter
1569 341 1591 370 si
1604 342 1762 378 praedictum

966 389 1062 418 fuisset
1077 389 1166 423 initio,
1183 396 1217 417 ne
1232 389 1294 423 quis
1306 388 1358 417 sibi
1374 388 1492 424 palmam
1509 387 1651 423 tribueret,
1667 395 1763 416 omnes

965 439 1045 463 erant
1060 433 1275 463 Themistoclem
1305 433 1518 469 pronuntiaturi,
1547 440 1629 468 quem
1652 433 1761 468 quidem

965 481 1093 508 omnibus
1116 480 1178 508 aliis
1201 480 1382 516 praeferebant
1401 479 1522 515 singuli:
1539 486 1590 507 nec
1611 478 1690 507 aliter
1703 479 1761 514 pri-

966 534 1037 561 mus,
1051 534 1083 555 ac
1097 531 1152 554 tum
1175 527 1310 555 secundus
1333 526 1440 555 fuisset.
1471 525 1605 554 Similiter
1628 528 1655 553 et
1677 531 1760 556 nunc.

965 577 1111 608 postquam
1144 580 1207 600 eum
1232 572 1352 601 secundo
1381 575 1530 607 posuerunt
1554 571 1625 604 loco,
1649 571 1761 606 perinde

965 618 1100 651 fecerunt,
1120 625 1152 646 ac
1167 618 1189 646 si
1210 618 1300 653 primo
1316 617 1482 654 posuissent.
1518 616 1710 645 Verumtamen
1727 623 1762 644 ne

965 665 1006 693 sic
1024 665 1133 700 quidem
1160 664 1304 692 inferiores
1339 664 1402 693 tulit
1429 664 1529 700 potius,
1555 671 1636 700 quam
1662 662 1760 701 4301)

965 716 1082 747 utroque
1097 711 1172 740 vicit.
1189 711 1259 739 Nam
1272 711 1359 746 prima
1374 710 1483 747 quidem
1495 714 1555 738 erat
1567 717 1583 737 a
1594 709 1720 741 veritate,
1733 713 1761 736 et

965 765 980 786 a
1000 758 1089 792 seipso
1101 762 1279 791 consecutus,
1298 756 1517 792 quandoquidem
1530 756 1601 784 idem
1617 755 1689 792 quod
1702 754 1759 787 alii,

965 804 1039 832 solus
1051 804 1123 840 juste
1136 804 1260 838 fecerat;
1280 797 1400 833 secunda
1414 811 1480 832 vero
1500 802 1558 838 jam
1579 802 1604 831 ei
1627 808 1758 830 concessa

967 851 1074 879 fuerant
1094 851 1134 879 sic
1148 855 1177 878 ut
1192 851 1266 879 omni
1282 851 1388 879 ratione
1405 851 1509 886 primus
1523 856 1607 880 esset.
1636 852 1670 881 Et
1693 860 1759 888 quo-

929 889 950 917 Β
964 896 1036 923 niam
1060 896 1225 931 posteriores
1240 903 1348 931 quoque
1359 896 1451 924 clades
1465 896 1524 932 ejus
1539 904 1682 925 recensere
1697 905 1761 933 pos-

962 948 1031 974 sem,
1044 949 1076 969 ac
1089 942 1224 977 quomodo
1237 945 1322 968 totum
1339 942 1477 977 negotium
1496 942 1578 970 fuerit
1591 943 1758 974 confectum.

961 988 1124 1024 qualemque
1141 988 1167 1015 in
1181 987 1223 1015 his
1240 988 1292 1016 iste
1309 995 1339 1015 se
1356 988 1512 1023 praebuerit,
1525 988 1664 1017 declarare
1680 998 1690 1018 ι
1704 988 1759 1017 vel-

963 1036 1013 1064 lem
1027 1037 1154 1072 equidem
1173 1043 1233 1063 eam
1247 1036 1326 1063 nobis
1341 1035 1376 1063 ab
1391 1036 1517 1064 oratione
1528 1034 1617 1063 all'erri
1635 1035 1756 1064 necessi-

962 1086 1056 1116 tatem,
1069 1086 1099 1110 ut
1110 1082 1192 1110 etiam
1207 1081 1240 1109 de
1255 1081 1297 1109 his
1311 1085 1385 1109 esset
1400 1081 1556 1109 dicendum.
1577 1080 1643 1108 Nam
1662 1088 1694 1109 ea
1709 1087 1759 1109 nec

961 1128 1074 1161 leviora,
1091 1128 1117 1155 ni
1134 1127 1224 1161 fallor,
1238 1127 1280 1155 vel
1295 1127 1400 1154 minora
1411 1126 1502 1155 forent
1516 1127 1549 1154 iis
1563 1134 1625 1162 quae
1634 1125 1691 1162 jam
1710 1133 1752 1155 re-

965 1173 1019 1200 lata
1035 1176 1110 1201 sunt.
1142 1171 1243 1199 Verum
1267 1172 1395 1207 quoniam
1409 1176 1437 1200 et
1453 1175 1643 1208 argumentum
1673 1178 1755 1206 supe-

962 1223 1033 1252 rant,
1048 1223 1075 1246 et
1095 1219 1207 1246 nimium
1223 1218 1325 1246 crescit
1338 1218 1438 1252 oratio,
1458 1219 1583 1246 omittam
1600 1225 1645 1250 ea.
1663 1222 1691 1245 et
1706 1218 1757 1245 hoc

962 1270 1065 1292 tantum
1082 1266 1131 1292 hac
1142 1266 1225 1293 etiam
1237 1265 1270 1293 de
1285 1272 1316 1292 re
1331 1265 1440 1297 addam,
1457 1272 1519 1293 eum
1531 1268 1676 1299 postquam
1689 1271 1758 1292 con-

961 1316 1002 1338 tra
1015 1310 1148 1338 Graeciam
1166 1309 1218 1338 fuit
1233 1310 1416 1343 militandum,
1440 1310 1507 1338 mori
1533 1310 1673 1344 maluisse,
1702 1317 1755 1346 qua

960 1356 1070 1390 quidem
1095 1363 1125 1383 re
1142 1349 1203 1383 cum
1221 1356 1323 1384 crimen
1343 1363 1424 1383 omne
1441 1355 1574 1390 dissolvit,
1594 1360 1650 1383 tum
1666 1359 1758 1383 osten-

961 1401 1001 1428 dit
1016 1400 1160 1429 manifeste
1191 1401 1286 1436 quanti
1313 1401 1419 1436 priores
1438 1404 1529 1436 gestas
1553 1407 1597 1428 res
1614 1404 1642 1428 et
1667 1400 1756 1435 reipu-

960 1447 1039 1476 blicae
1068 1447 1332 1475 administrationem
1361 1447 1474 1480 faceret,
1501 1454 1553 1474 nec
1580 1453 1700 1481 unquam
1728 1452 1760 1473 se

960 1493 1091 1522 scientem
1114 1493 1261 1528 quidquam
1277 1493 1379 1520 virtute
1394 1496 1421 1520 et
1447 1491 1535 1521 ofﬁcio
1556 1492 1631 1527 prius
1651 1490 1758 1519 habitu-

963 1547 1035 1572 rum,
1052 1546 1105 1566 non
1130 1539 1253 1571 divitias,
1282 1546 1337 1566 non
1364 1538 1477 1572 liberos,
1507 1545 1560 1566 non
1586 1545 1674 1572 spem,
1702 1545 1757 1565 non

962 1587 1046 1620 ipsam
1068 1586 1196 1613 saltttem.
1212 1585 1302 1619 Atque
1320 1584 1447 1612 existimo
1467 1584 1594 1618 equidem
1618 1588 1648 1612 et
1668 1590 1759 1611 sacer-

959 1634 1047 1667 dotes,
1077 1637 1106 1660 et
1132 1632 1255 1668 quisquis
1273 1631 1343 1659 alitts
1367 1631 1481 1658 Athenis
1507 1637 1603 1665 preces
1627 1629 1757 1662 faciebat,

960 1679 1059 1707 merito
1076 1683 1132 1706 tum
1160 1678 1271 1713 quidem
1289 1676 1397 1712 publice
1419 1676 1566 1711 quotannis
1593 1675 1646 1703 hoc
1672 1674 1758 1704 fuisso

960 1726 1031 1752 inter
1050 1725 1102 1753 alia
1120 1729 1258 1758 oraturos,
1274 1727 1305 1751 ut
1328 1722 1428 1758 aliquis
1456 1722 1529 1757 apud
1550 1721 1625 1757 ipsos
1647 1720 1758 1748 Themi-

959 1769 1039 1798 stocli
1071 1769 1168 1797 similis
1183 1775 1353 1802 nasceretur,
1368 1772 1397 1797 et
1418 1768 1490 1796 inter
1501 1772 1628 1795 caeterum
1642 1774 1758 1802 proven-

961 1822 1018 1845 tum
1035 1817 1087 1844 hoc
1105 1817 1186 1844 etiam
1202 1816 1302 1844 bonum
1319 1819 1392 1842 terra
1409 1814 1595 1849 produceret..
1615 1813 1671 1841 Nec
1684 1813 1756 1841 enim

960 1861 1094 1889 minorem
1111 1860 1239 1888 videntur
1261 1859 1327 1887 mihi
1343 1859 1462 1886 fructttm
1487 1858 1572 1887 fuisse
1591 1859 1755 1894 percepturi,

960 1914 1041 1941 quam
1056 1906 1079 1934 si
1092 1906 1184 1934 omnia
1195 1913 1258 1933 cum
1281 1905 1446 1938 centesimo,
1470 1904 1513 1932 vel
1545 1905 1628 1933 etiam
1654 1905 1757 1941 majore

960 1951 1054 1980 fenore
1081 1951 1156 1987 regio
1179 1950 1348 1986 protulisset.
1364 1950 1405 1979 Ac
1418 1951 1533 1986 puderet
1549 1958 1591 1978 me
1611 1957 1756 1986 propemo-

959 1999 1034 2032 dum,
1054 2005 1116 2026 cum
1141 2001 1182 2026 tot
1195 2004 1227 2025 ac
1244 1997 1306 2025 talia
1331 1997 1456 2029 dixerim,
1473 2002 1556 2025 testes
1580 1997 1690 2032 insuper
1707 1996 1755 2024 ad-

959 2042 1065 2076 hibere,
1087 2042 1140 2070 nisi
1157 2043 1239 2070 unius
1254 2047 1327 2070 esset
1350 2043 1460 2077 aliquod
1478 2047 1648 2071 momentum
1676 2042 1754 2070 testi-

960 2087 1055 2120 monii,
1073 2088 1143 2122 quod
1166 2087 1361 2123 proferendum
1375 2095 1486 2117 censeo.
1518 2087 1664 2116 Videamus
1689 2095 1755 2122 ergo

959 2134 1022 2168 quid
1047 2132 1193 2161 Escltines
1225 2133 1348 2162 Socratis
1376 2135 1488 2166 sodalis,
1519 2135 1641 2163 Platonis
1664 2139 1754 2162 autem

959 2180 1173 2215 condiscipulus,
1186 2180 1286 2208 dixerit
1302 2190 1309 2208 :
1327 2180 1459 2214 Quoniam
1479 2182 1559 2217 igitur
1573 2180 1755 2209 Themistoclis

924 2234 946 2262 ι)
960 2233 1040 2252 ausus
1055 2233 1081 2253 es
1097 2225 1177 2253 vitam
1189 2233 1305 2260 carpere,
1320 2226 1377 2254 uide
1387 2227 1492 2262 qualem
1509 2227 1643 2254 adoriaris
1657 2227 1752 2255 uirum.

960 2271 1055 2306 Itaque
1073 2272 1160 2307 cogita
1180 2273 1249 2299 unde
1267 2273 1308 2300 σοι
1323 2273 1437 2306 oriatur,
1462 2277 1541 2308 atque
1567 2273 1612 2300 ubi
1638 2273 1754 2301 occidat:

960 2316 1023 2344 Non
1047 2322 1097 2350 est,
1113 2318 1211 2353 inquit.
1240 2318 1289 2346 hoc
1303 2319 1419 2354 difﬁcile,
1436 2318 1574 2350 Socrates.
1588 2327 1755 2354 cognatam.

920 2363 1040 2399 ἑταῖρος,
1055 2363 1199 2396 Πλάτωνος
1226 2364 1255 2392 δὲ
1268 2366 1468 2401 συμφοιτητής.
1488 2365 1610 2400 Ἐπειδὴ
1650 2365 1756 2394 τοίνυν

1666 2414 1754 2440 ἐνθυ-

922 1561 945 1590 C

106 2460 216 2493 manu
230 2459 286 2493 γὰρ
299 2459 321 2475 ⁸¹
335 2460 472 2487 ὁπόθενό
489 2459 575 2493 ἥλιος
593 2459 714 2493 ἀνίσχει
742 2458 791 2486 καί
809 2459 886 2486 ὅπου
905 2458 1007 2487 δύεται
1015 2460 1049 2487 ³⁸.
1069 2459 1255 2494 Ἁλλόὺδὲν,
1267 2460 1336 2496 ἔφη,
1348 2461 1524 2496 xta/tener“,
1549 2459 1579 2490 ὦ-
1590 2461 1754 2496 Σώκρατες,

109 2506 145 2532 τὰ
160 2504 283 2533 τοιαῦτα
301 2504 423 2533 ειδέναι.

144 2578 199 2605 Καὶ
212 2577 284 2614 μετὰ
298 2577 384 2606 πολλὰ
391 2577 459 2605 ἄλλα
470 2578 597 2614 ἐγκώμια
622 2578 723 2613 ἐπάγει
735 2579 783 2606 καὶ
797 2579 893 2607 ταῦτα·

985 2578 1133 2613 Postquam
1149 2577 1383 2614 plurimaslaudes
1403 2579 1473 2607 hanc
1483 2587 1589 2615 quoque
1609 2578 1730 2615 adjungit
1744 2587 1753 2607 ι

749 2689 864 2718 νΑιιΙίΕ
878 2689 1085 2718 LECTIONES.

180 2769 328 2806 illo-am".
346 2771 377 2796 A.
417 2770 438 2806 fl
515 2769 547 2796 ἂν
571 2769 631 2806 τότε

107 2804 161 2832 οὐδ’
177 2813 232 2831 om.
255 2805 287 2831 Α.
325 2805 348 2821 ’⁵
368 2805 429 2831 ἐπεὶ
445 2804 476 2831 Λ.

108 2842 184 2874 ponit
200 2841 232 2866 A.

109 2880 176 2904 ιπον
189 2875 280 2902 δύεται
292 2884 346 2903 om.
361 2877 393 2903 Α.
432 2875 455 2891 ⁸³
469 2876 586 2910 χαλεπὸν
601 2875 708 2903 OHLA.

729 2771 750 2786 ⁶⁰
774 2769 989 2806 συνεχώρητονς.

515 2805 538 2820 ⁷⁵
553 2805 583 2831 οὐ
601 2805 715 2832 πλοῦτον
729 2814 784 2833 0m.
802 2807 833 2834 A.
873 2806 897 2822 ⁷⁸
909 2805 978 2841 ἐγὼ]
997 2814 1021 2840 p.
1035 2806 1097 2834 562.

271 2840 293 2856 "
308 2840 414 2867 οὔκουν.
434 2840 476 2877 υνθ
491 2840 689 2877 ὲξιλιεγκούσης
707 2849 761 2870 οιιι.
779 2842 809 2870 Λ.
850 2842 871 2858 ⁷³
891 2841 924 2877 δὴ
938 2842 958 2868 Δ
970 2840 985 2869 ξ
1001 2842 1029 2869 δὲ
1045 2850 1075 2875 ς.

1042 2772 1065 2787 7t)
1086 2772 1146 2789 3m.“

1085 2771 1170 2834 ixmil
1187 2772 1377 2835 γίιαθὲῗιὲστόν
1391 2773 1532 2842 ἓξὲξνρέέι

1116 2842 1276 2878 “Aio/fu“
1292 2850 1346 2871 om.
1361 2843 1394 2869 Δ.
1433 2842 1454 2857 ⁸¹
1472 2842 1537 2879 γὰρ]

1472 2851 1526 2878 ταί)

1196 2772 1314 2809 mnam.
1354 2773 1374 2788 ⁷¹
1391 2773 1468 2809 οὐδὲν
1488 2773 1520 2799 Α.
1562 2772 1584 2788 ⁷³
1599 2771 1751 2809 φαυλότερα

1549 2807 1745 2836 ιιιοοσειῖνεσθιι¹

1151 2816 1170 2823 ’π
1187 2816 1238 2834 καυ
1261 2816 1377 2835 εκαστον
1392 2816 1452 2838 ετος
1472 2816 1532 2842 post
1549 2816 1570 2834 π
1590 2816 1740 2859 οσευχοεσυα

1116 2842 1276 2878 “Aio/fu“
1292 2850 1346 2871 om.
1361 2843 1394 2869 Δ.
1433 2842 1454 2857 ⁸¹
1472 2842 1537 2878 γὰρ]
1552 2816 1589 2878 ei?
1600 2843 1632 2870 ιτ.
1680 2844 1689 2858 ¹
1705 2845 1741 2872 κα
