1923 3093
160 130 226 162 155⁸1

669 129 974 161 BIBLIUI'HECA.—
982 130 1066 162 COD.
1082 131 1260 162 CCXLVIII.

1723 130 1792 163 1-358

159 196 212 214 των
231 186 296 223 rupi
309 186 395 215 ταῦτα
417 186 439 202 ¹⁰
461 186 680 222 ἁμαρτημάτων,
701 186 728 212 εῖ
753 194 780 213 τι
801 186 838 221 μὴ
859 185 946 218 καλῶς

1001 191 1127 220 cuerunt,
1140 193 1192 214 nec
1211 185 1427 220 accuratissime,
1443 192 1530 220 neque
1544 189 1574 211 ut
1591 184 1717 213 volebant
1734 194 1792 213 ma-

159 234 273 270 ὕστερον
288 234 356 270 μηδὲ
369 233 407 265 ὡς
423 233 476 269 χρὴ
490 232 623 269 γράφοιεν
636 232 679 266 ἐφ’
688 232 792 259 ἑαυτῶν
805 233 837 260 ¹¹.
849 233 879 259 Εἰ
890 233 918 260 δὲ
927 233 948 249 ι’

160 280 198 315 μὴ
213 280 318 312 πάντας
325 280 500 312 ἐπαίδευσαν,
513 278 580 314 μηδὲ
590 278 628 310 ὡς
639 276 694 305 οἶόν
707 287 736 305 τε
753 279 948 315 ἀκριϐέστατα,

157 324 243 359 “9.96
257 324 303 361 ἢ]
316 324 378 360 μηδ’
397 325 436 356 ὡς
460 324 577 359 μάλιστα
588 323 776 359 ἐϐουλήθησαν
788 324 822 358 ’³,
833 324 860 351 τί
876 325 907 350 τό
917 333 949 359 γε

159 370 330 405 ικπεφευγδς
351 370 403 405 τῆς
418 370 531 397 ἐκείνων
546 370 715 406 προστασίας
733 370 767 397 ἄν
783 379 826 402 τις
844 369 947 406 τιθείη;

158 417 189 442 οὐ
204 417 258 452 γὰρ
269 417 320 452 τῆς
330 416 443 443 ἐκείνων
454 416 562 452 ὁμιλίας
573 415 653 442 τοῦτο
664 415 818 449 ἁπώναντο,
827 416 886 442 ἀλλ’
899 416 950 443 οὐκ

158 462 304 490 ἁπώναντο
329 462 441 490 ἐκείνων
467 461 508 489 ἔτι
532 470 559 489 τι
575 461 656 488 τοῦτό
670 470 713 496 γε.
736 461 842 489 Οὗκουν
857 461 886 495 ἑξ
910 457 948 489 ὦν

159 508 304 543 προσεῖχον
319 508 422 540 αὐτοῖς,
437 508 469 535 ὲκ
481 506 585 535 τούτων
595 507 732 543 ἥμαρτον,
745 507 804 535 ἀλλ’
825 507 855 540 ἐξ
866 504 904 535 ὧν
916 507 948 534 οὐ

157 555 313 590 προσεῖχον,
338 554 566 590 ἐπλημμέλησαν.
593 553 689 585 οὕτως
712 552 731 580 ἆ.
746 562 779 588 γε
804 553 946 581 ἑπείθοντο

158 601 254 635 σαφῶς
270 601 316 637 ἄρ’
341 599 653 633 οἱπείθοντεςεπειθον
676 599 777 632 καλῶς.
794 600 850 636 Τὴν
873 600 901 627 δὲ
926 599 948 616 ¹⁶

158 646 303 682 πολιτικὴν
317 647 342 673 εί
363 646 401 682 μὴ
422 646 525 678 πάντας
543 645 706 672 ιπαίδευσαν
725 644 884 681 Ἀθηναίους
898 645 948 672 Θε-

158 692 306 728 μιστοκλῆς
322 693 369 720 καὶ
386 692 524 727 Περικλῆς
541 691 589 719 καὶ
606 691 757 726 Μιλτιάδης
774 691 822 718 καὶ
838 690 946 727 Κίμων,

157 737 219 772 μηδ’
236 737 360 770 ἅπαντας
375 737 477 772 ἑφεξῆς
491 736 613 773 βελτίους
623 736 757 772 ιποίησαν
770 736 841 764 κατὰ
860 736 948 770 φυλὰς

153 783 204 810 καὶ
217 783 278 810 κατ’
290 783 375 819 ἄνδρα
391 782 486 818 ὥσπερ
500 782 633 818 θεωρικὸν
647 782 698 818 τὴν
716 783 873 818 ἐπιστήμην
886 783 945 810 δια-

155 828 297 863 νέμοντες,
312 826 364 855 είθ*
381 828 521 864 ὑπερφυές
536 836 562 855 τι
580 828 703 864 φήσομεν
718 827 780 855 κατ’
794 828 885 855 αὐτῶν
901 829 946 855 εὗ-

1002 232 1085 263 xime,
1097 239 1145 259 cur
1158 231 1184 259 id
1199 232 1271 266 quod
1283 230 1387 267 etfugit,
1400 231 1433 259 ad
1447 231 1566 266 ipsorum
1578 232 1637 266 quis
1647 232 1792 267 magistros

1001 277 1125 305 referat?
1144 277 1199 305 Nec
1211 277 1283 305 enim
1296 277 1366 306 hunc
1375 277 1494 305 fructum
1507 285 1541 305 es
1556 277 1662 304 illorum
1677 285 1792 308 consue-

1001 323 1094 351 tudine
1119 327 1295 358 perceperant
1319 323 1418 356 potius,
1434 330 1515 358 quam
1541 330 1593 351 non
1607 322 1662 358 jam
1686 323 1713 351 id
1738 324 1792 352 illis

1001 373 1127 404 poterant
1146 374 1288 406 acceptum
1313 369 1396 398 ferre.
1415 369 1549 403 Quocirca
1574 377 1627 397 non
1648 369 1712 405 quia
1730 365 1798 399 illos-

1000 417 1187 451 attendebant,
1205 416 1365 452 peccabant,
1381 416 1428 444 sed
1445 417 1508 451 quia
1525 423 1578 444 non
1602 408 1795 451 attendebant,‘

1000 469 1086 498 usque
1101 471 1133 491 eo
1148 463 1192 491 illa
1209 471 1269 499 qua:
1283 463 1517 499 persuadebantur
1537 467 1612 490 recte
1628 463 1683 491 illis
1694 463 1791 491 suade-

1000 509 1077 537 bant.
1086 509 1197 537 Civilem
1209 517 1274 538 vero
1287 509 1428 537 scientiam
1438 508 1490 536 nisi
1507 508 1689 537 Athenienses
1696 516 1791 537 omnes

1000 554 1157 588 docuerim,
1193 554 1412 587 Themistocles,
1438 554 1568 589 Pericles,
1602 553 1738 583 Miltiades
1764 559 1792 583 et

998 598 1107 632 Cimon,
1120 604 1202 635 atque
1213 605 1328 628 cunctos
1339 607 1371 628 ex
1389 600 1485 628 ordine
1499 600 1622 627 tributim
1640 607 1672 627 ac
1686 600 1790 627 viritim

1000 644 1125 672 meliores
1141 645 1326 678 reddiderant,
1342 645 1454 673 scientia
1474 645 1550 680 quasi
1567 645 1694 673 theatrali
1709 652 1792 680 pecu-

999 689 1044 718 nia
1061 690 1219 723 distributa,
1234 698 1268 719 ne
1287 691 1360 727 ipsos
1373 691 1482 726 quidem
1497 698 1529 719 ea
1547 691 1574 718 in
1591 699 1620 718 re
1632 691 1792 719 excelluisse

999 735 1132 765 dicemus.
1157 736 1213 765 Nec
1230 737 1296 766 illud
1312 737 1468 773 Protagorae
1494 738 1532 764 tui
1558 738 1608 765 tibi
1637 736 1747 770 sulticit,
1767 737 1790 764 si

1000 781 1096 818 vulgus
1103 783 1189 812 velex
1199 788 1277 819 parte
1290 783 1380 819 aliqua
1399 783 1434 813 ad
1451 783 1579 812 virtutem
1595 783 1789 818 perduxerunt;

1000 835 1093 856 verum
1107 829 1158 857 nisi
1169 830 1260 857 omnia
1276 837 1358 865 quam
1368 830 1522 858 rectissime
1537 829 1700 865 populus,et
1712 829 1789 864 quasi

155 871 282 907 mxévat,
300 872 339 905 ὡς
360 872 415 900 οὐδ’
438 872 517 900 αὐτοὶ
546 872 667 908 βελτίους
690 870 761 909 ἦσαν
776 872 883 904 οὐδενὸς
906 874 946 906 είς

998 874 1041 902 vir
1058 882 1128 902 unus
1152 875 1363 909 administravit,
1386 877 1413 904 id
1428 876 1484 912 jam
1502 875 1637 911 praefectis
1660 876 1788 910 imputas.

154 919 260 954 ταῦτας
274 919 335 956 [701
354 920 402 957 ιι]
419 920 467 947 καὶ¹
479 920 530 947 οὐκ
540 920 651 956 ἀγαπᾷς
663 919 694 946 es
707 920 729 936 "
742 920 790 947 τοῦ
801 919 849 947 σοῦ
868 921 946 956 Πρω-

154 966 273 1001 ταγόρου
288 967 320 998 ’⁸,
338 967 363 993 εί
373 967 421 993 καὶ
434 966 454 982 ¹⁷
468 966 529 994 καθ’
540 966 653 993 ὸσονοῦν
674 966 865 1002 προύϐίϐασαν
883 968 947 998 τοὺς

154 1012 271 1044 mihi»;
285 1013 325 1044 είς
342 1012 373 1039 τὺ
388 1012 504 1048 βέλτιον,
528 1011 588 1039 ἀλλ’
603 1013 628 1039 εί
653 1012 690 1048 μὴ
706 1012 795 1039 πάντα
821 1013 835 1039 ὀ
860 1012 946 1048 δῆμος

154 1058 334 1093 ἀνεγκλήτως
354 1058 402 1085 καὶ
414 1057 510 1094 ὥσπερ
524 1055 564 1090 εἷς
580 1058 652 1094 ἀνὴρ
677 1058 857 1093 μετεχείρισε,
873 1058 946 1086 τοῦτ’

153 1102 204 1138 ἢδη
222 1104 293 1130 κατὰ
303 1103 357 1130 τῶν
374 1103 536 1140 προστατῶν
558 1102 617 1129 ἐστί
629 1112 682 1130 σοι.
695 1103 727 1129 Τί
743 1101 790 1130 οὖν
802 1102 824 1119 ⁸⁸
838 1103 945 1139 θαυμα-

154 1148 228 1181 στὸν,
245 1149 270 1175 εί
285 1148 406 1175 κάκεῖνοι
417 1149 503 1176 πολλὰ
516 1148 563 1176 καὶ
576 1148 682 1183 χρηστὰ
694 1148 946 1184 συμϐουλεύσαντες

159 1194 324 1231 ’Δθηναίοις,
344 1196 391 1222 καὶ
414 1196 500 1223 πολλὰ
512 1196 567 1222 τῶν
595 1195 734 1231 δυσχερῶν
760 1195 944 1228 κωλύσαντες,

155 1239 194 1275 μὴ
219 1239 264 1267 διὰ
286 1240 380 1273 τέλους
396 1241 495 1273 αὐτοὺς
521 1241 696 1276 ἠδυνήθησαν
717 1242 866 1276 κατασχεῖν
883 1240 945 1276 μηδ’

152 1285 276 1314 ἀθάνατα
289 1287 409 1320 ίάσαντο,
421 1286 478 1314 ἀλλ’
489 1287 645 1323 ἡττήθησαν
656 1287 705 1322 τῆς
720 1286 807 1322 δήμου
825 1286 944 1322 φύσεως,

152 1335 207 1360 είτε
224 1335 270 1361 καὶ
282 1335 334 1370 τῆς
351 1335 444 1370 κοινῆς
460 1335 612 1370 ἀνθρώπων
626 1335 646 1351 ¹⁹
660 1335 701 1362 δεῖ
719 1334 820 1367 λέγειν,
837 1334 885 1361 καὶ
908 1334 946 1370 μὴ

152 1378 320 1416 ἐδυνήθησαν
337 1381 361 1397 ¹⁹
391 1379 521 1412 καθάπαξ
537 1381 570 1406 ἐκ
585 1379 636 1415 τῆς
651 1379 755 1410 πόλεως
771 1378 874 1411 ἐξελεῖν
888 1378 945 1405 ἀδι-

153 1425 226 1459 κίαν,
247 1425 342 1462 ὥσπερ
360 1426 479 1462 γεωργοὶ
493 1426 527 1453 τὰ
543 1426 731 1461 λυμαινόμενα
746 1426 779 1460 τῇ
791 1425 869 1461 χώρᾳ
883 1424 946 1452 καθ’

153 1470 270 1498 ἕκαστον
287 1471 410 1498 ὲνιαυτδν
425 1471 616 1502 ἐκκόπτοντες,
632 1469 682 1497 εἰτ’
694 1470 744 1497 οὐκ
755 1470 946 1505 ιφικνούμενοι

152 1517 197 1544 διὰ
214 1517 316 1549 παντὸς
327 1517 374 1544 τοῦ
393 1517 604 1554 [λυμαινομένου
627 1516 677 1552 τὴν
697 1516 790 1552 χώραν
809 1515 844 1552 ¹¹]
861 1516 946 1552 σπέρ-

156 1572 251 1598 ματος.
274 1563 309 1590 Ei
333 1563 426 1590 τοῦτον
443 1563 491 1590 τὸν
512 1563 613 1599 τρόπον
636 1563 781 1592 κάκείνους
804 1561 947 1594 ιθέλοντας

155 1610 298 1646 καθαίρειν
311 1611 334 1626 ¹¹
350 1610 401 1646 τὴν
413 1610 492 1637 πόλιν
502 1610 618 1644 ἐξέφυγε
633 1609 680 1636 καὶ
692 1608 817 1644 ἐνέμεινε
835 1608 947 1644 σπέρμα

155 1657 304 1691 ἀναγκαῖον
314 1656 420 1688 ἀδικίας
431 1657 479 1684 καὶ
489 1655 698 1692 ἀγνωμοσύνης,
714 1655 762 1682 καὶ
777 1654 808 1681 οὺ
824 1656 914 1682 πάντα
923 1655 946 1672 ’⁸

154 1703 311 1739 ὑπήκουσεν
323 1703 426 1735 αὐτοῖς,
441 1703 500 1731 ἀλλ’
514 1703 588 1730 ἐστιν
603 1702 621 1731 ἃ
636 1702 683 1730 καὶ
699 1701 761 1729 καθ’
776 1701 859 1729 αὑτὸν
871 1701 886 1728 ό
899 1701 946 1736 6'71-

156 1759 207 1785 μος
222 1750 414 1783 ἐϐουλεύσατο,
425 1749 486 1777 τίνα
496 1749 576 1777 τοῦτο
590 1750 647 1781 τοῖς
660 1749 790 1784 ἀνδράσιν
806 1747 864 1783 ἔχει
876 1756 946 1782 φαυ-

154 1796 302 1833 λότηταςῆ
329 1797 356 1824 τί
381 1797 424 1824 δεῖ
444 1797 478 1824 τὰ
503 1797 618 1825 ἐκείνων
649 1796 755 1831 ἑτέροις
778 1794 945 1830 λογίζεσθαι,

153 1842 250 1878 ὥσπερ
261 1842 295 1870 ἃν
307 1843 331 1859 ¹⁸
342 1843 367 1870 εί
385 1843 433 1870 καὶ
452 1842 574 1874 στάσεως
597 1841 681 1877 οὗσης
695 1842 725 1868 ιν
738 1842 772 1877 τῇ
785 1840 874 1873 πόλει,
898 1841 947 1867 καὶ

153 1887 258 1915 τούτων
285 1888 335 1923 τῆς
359 1887 456 1922 ἑτέρας
482 1887 643 1923 ἡγουμένων
656 1889 707 1922 τῆς
727 1886 782 1913 τῶν
805 1887 946 1919 ἐπιεικῶν,

154 1932 215 1960 εἶτα
227 1934 262 1961 τὰ
270 1934 325 1961 τῶν
338 1933 439 1969 ἐτέρων
450 1934 639 1969 ἁμαρτήματα
653 1934 700 1960 καὶ
714 1932 770 1959 τῶν
784 1933 824 1964 είς
835 1932 948 1965 τούτους

154 1980 390 2015 πλημμελούντων
417 1980 510 2012 αὐτοῖς
535 1979 642 2012 τούτοις
669 1988 712 2011 τις
735 1979 883 2016 προσετίθη
912 1981 945 2007 ¹¹.

154 2025 210 2052 Καὶ
224 2025 285 2052 τίνα
298 2025 355 2060 ἔχει
368 2025 449 2060 φύσιν
457 2025 480 2041 ¹⁶
490 2025 514 2052 οἳ
525 2025 594 2061 μήτε
605 2025 691 2061 ἔδρων
705 2024 792 2052 ταῦτα
802 2026 851 2052 καὶ
864 2033 949 2062 προσ-

155 2071 195 2099 έτι
218 2071 334 2098 κωλύειν
353 2071 462 2106 ὴξίουνς
483 2071 564 2098 Ἀλλὰ
581 2071 636 2107 μὴν
652 2072 674 2088 ³⁷
687 2072 714 2098 εί
728 2080 759 2105 γε
773 2072 842 2107 μηδὲ
854 2072 949 2104 κακῶς

154 2116 288 2143 ἀκούσασι
305 2116 396 2152 καλῷς
414 2117 488 2152 ἔχειν
501 2117 625 2152 οἰήσεται
636 2125 679 2149 τις
693 2118 752 2149 ταῖς
767 2117 863 2152 αρταῖς
878 2118 947 2154 χρή-

155 2163 254 2192 σασθαι
266 2164 376 2196 λαϐαῖς,
395 2164 443 2190 καὶ
456 2163 569 2195 ταύταις
583 2163 620 2199 μὴ
631 2163 678 2190 ἐπὶ
690 2163 713 2179 ’⁸
728 2163 766 2199 τῷ
777 2164 869 2196 κακῶς
886 2165 948 2191 ἀντ-

997 918 1067 948 Num
1079 928 1143 956 ergo
1156 921 1254 948 mirum
1263 922 1327 956 erit,
1336 922 1358 949 si
1373 929 1424 950 nec
1438 921 1556 954 illi,cum
1568 921 1651 949 multa
1663 923 1731 949 bona
1743 922 1792 949 do-

998 966 1305 995 cuissentAthenienses
1317 974 1349 995 ac
1363 974 1447 995 noxas
1459 967 1558 994 multas
1573 967 1789 1002 impedivisscnt,

997 1019 1105 1048 semper
1117 1019 1164 1040 eos
1177 1014 1306 1041 cohibere
1320 1019 1478 1049 potuerunt,
1503 1021 1592 1049 neque
1609 1014 1718 1042 morbos
1735 1015 1789 1041 lm-

997 1058 1125 1086 mortales
1138 1064 1279 1092 curarunt,
1292 1060 1338 1087 sed
1359 1067 1374 1087 a
1390 1060 1479 1095 populi
1497 1065 1604 1094 natura,
1626 1061 1684 1088 sive
1698 1061 1789 1096 potius

996 1104 1134 1132 communi
1161 1104 1300 1132 hominum
1327 1110 1392 1132 sunt
1419 1106 1501 1140 victi,
1538 1114 1590 1133 nec
1617 1107 1788 1141 iniquitatem

996 1156 1107 1184 prorsus
1122 1158 1137 1178 e
1153 1150 1266 1178 civitate
1282 1155 1429 1186 potuerunt
1450 1151 1603 1187 exstirpare
1629 1159 1636 1179 :
1655 1152 1788 1187 quemad-

997 1196 1105 1223 modum
1126 1203 1187 1224 cum
1213 1197 1340 1232 agricolae
1364 1198 1511 1232 quotannis
1539 1198 1597 1232 agri
1623 1198 1788 1225 detrimenta

996 1242 1168 1274 esscindunt,
1190 1250 1240 1271 nec
1261 1250 1310 1279 per
1332 1247 1418 1272 totum
1445 1251 1538 1271 semen
1559 1247 1710 1278 penetrant.
1733 1243 1788 1270 lloc

996 1288 1077 1315 modo
1093 1288 1114 1316 si
1140 1293 1169 1316 et
1191 1288 1261 1321 illos,
1284 1297 1346 1317 cum
1367 1290 1505 1317 civitatem
1532 1296 1648 1324 purgare
1676 1290 1787 1322 vellent,

995 1333 1094 1370 E3211
1118 1336 1301 1362 necessarium
1325 1335 1464 1370 injustitiae
1476 1341 1558 1370 atque
1582 1335 1680 1371 ingrati
1704 1335 1788 1363 animi

997 1387 1089 1408 semen
1105 1379 1208 1416 effugit,
1223 1384 1250 1408 et
1265 1381 1406 1414 remansit,
1425 1388 1476 1409 nec
1489 1381 1555 1416 ipsis
1565 1381 1791 1416 obtemperarunt

996 1426 1098 1459 omnia,
1112 1427 1261 1462 quinetiam
1275 1435 1324 1462 per
1336 1435 1366 1455 se
1380 1427 1496 1463 populus
1508 1427 1636 1455 nonnulla
1648 1431 1789 1461 statueret,

997 1479 1046 1499 cur
1062 1472 1120 1501 hate
1134 1473 1336 1507 improbitatem
1351 1473 1417 1501 viris
1433 1473 1558 1508 atTerant,
1584 1477 1632 1505 aut
1657 1473 1723 1508 ipsis
1740 1473 1791 1501 im-

998 1522 1127 1552 putentur
1150 1519 1265 1546 aliena?
1282 1519 1364 1552 Quasi
1383 1520 1445 1554 quis
1472 1524 1567 1547 exorta
1592 1520 1737 1552 seditione,
1764 1524 1792 1548 et

999 1563 1042 1591 his
1064 1563 1169 1591 meliori
1193 1564 1264 1599 parti
1293 1564 1458 1599 praepositis,
1475 1569 1533 1592 tum
1557 1565 1671 1593 aliorum
1690 1566 1717 1593 in
1742 1565 1792 1593 llos

998 1613 1110 1644 peccata
1136 1609 1180 1637 his
1201 1609 1268 1644 ipsis
1293 1610 1438 1638 tribueret.
1464 1610 1605 1645 Quomodo
1632 1617 1724 1638 autem
1755 1611 1791 1638 sit

997 1661 1116 1688 acquum,
1135 1655 1184 1691 qui
1202 1663 1253 1683 nec
1271 1662 1304 1684 ea
1326 1654 1453 1689 fecerint,
1470 1660 1500 1684 et
1521 1656 1634 1691 insuper
1647 1656 1792 1691 prohibere

998 1700 1144 1730 voluerint.
1163 1701 1240 1734 Quod
1255 1701 1278 1729 si
1298 1709 1350 1729 nec
1364 1708 1412 1729 eos
1431 1709 1548 1737 quorum
1570 1706 1614 1729 est
1639 1702 1708 1728 fama
1728 1701 1791 1729 laesa

999 1747 1094 1775 iisdem
1110 1747 1217 1783 putabit
1239 1748 1314 1776 ansis
1329 1745 1368 1776 uti
1384 1749 1493 1782 debere,
1508 1749 1590 1783 idque
1609 1756 1662 1776 non
1683 1750 1717 1776 ad
1731 1756 1791 1776 ma-

997 1794 1167 1822 ledicendum
1188 1794 1306 1823 vicissim
1329 1794 1377 1822 sed
1389 1798 1420 1822 ut
1442 1802 1472 1823 se
1484 1802 1532 1830 per
1553 1795 1621 1823 alios
1635 1795 1789 1828 absolvant,

997 1840 1135 1876 quomodo
1159 1847 1221 1868 eum
1250 1839 1379 1876 probabit
1404 1840 1450 1876 qui
1478 1841 1554 1876 prior
1581 1841 1653 1868 nulla
1680 1845 1792 1869 coactus

998 1885 1163 1914 necessitate
1182 1885 1341 1920 maledixit,
1357 1891 1387 1914 ut
1407 1894 1456 1922 per
1469 1894 1531 1922 qua:
1548 1887 1609 1915 illos
1624 1887 1730 1922 pejores
1749 1887 1792 1915 vl—

998 1931 1056 1959 deri
1073 1932 1186 1960 curabat
1198 1932 1325 1960 dextrum
1349 1933 1414 1967 quid
1437 1937 1532 1968 putare
1545 1932 1670 1968 jusserit.
1696 1933 1792 1961 Enim-

999 1985 1063 2005 vero
1081 1978 1223 2006 nesciebas
1241 1983 1268 2006 te
1285 1979 1328 2007 his
1344 1979 1498 2014 proverbiis
1517 1979 1615 2013 teneri,
1635 1980 1720 2015 ignem
1735 1988 1792 2007 ver-

999 2023 1100 2056 berare,
1113 2022 1229 2057 lapidem
1241 2031 1362 2057 coquere,
1382 2031 1446 2051 seu
1461 2025 1602 2052 seminare.
1627 2023 1704 2057 Quod
1719 2025 1792 2052 enim

999 2068 1039 2097 illi
1064 2076 1098 2097 ex
1125 2069 1357 2098 admonitionibus
1371 2070 1424 2098 tuis
1448 2077 1481 2098 ac
1497 2070 1670 2098 sermonibus
1695 2070 1792 2098 lucrati

999 2120 1072 2149 sunt,
1088 2123 1170 2150 quam
1184 2123 1241 2143 rem
1251 2116 1294 2143 vel
1309 2115 1431 2144 divinam
1442 2115 1483 2144 vel
1498 2116 1642 2143 ltumanam
1657 2121 1718 2151 post
1728 2123 1792 2144 eum

1000 2161 1072 2189 diem
1087 2168 1141 2196 quo
1155 2161 1204 2189 tibi
1224 2169 1307 2190 aures
1327 2162 1484 2197 praebuerat
1499 2162 1655 2198 Dionysius,
1670 2162 1713 2190 vel
1731 2163 1791 2196 Dio,

156 2210 258 2242 ειπεῖν,
270 2210 328 2236 ἀλλ’
341 2203 387 2236 ἐπὶ
399 2209 438 2245 τῷ
452 2209 498 2238 διὰ
511 2209 566 2236 τῶν
580 2210 687 2236 ἐκείνου
711 2210 746 2236 τὰ
759 2210 864 2237 ἑαυτῶν
875 2211 945 2238 ἀπο-

999 2208 1100 2236 rectius
1119 2207 1347 2236 administrarunt
1360 2209 1367 2235 l
1381 2207 1470 2236 Tanto
1484 2212 1592 2236 nostros
1607 2216 1667 2241 nos,
1678 2215 1695 2236 ο
1705 2207 1790 2244 Plato,

153 2255 298 2289 λύσασθαι,
309 2255 367 2287 πῶς
378 2255 520 2292 εἰρηκέναι
530 2258 553 2290 γ’
568 2255 591 2272 ³⁸
605 2255 687 2282 αὐτὸν
698 2256 832 2292 πρότερον
840 2256 945 2289 κακῶς,

154 2301 171 2329 ἃ
188 2302 283 2337 μηδεὶς
297 2301 474 2336 ἐπηνάγκαζε
491 2301 539 2328 καὶ
552 2301 586 2328 δι’
603 2298 641 2329 ὧν
658 2301 766 2337 χείρους
788 2301 856 2337 ᾤετο
875 2302 946 2329 ἐκεί-

155 2357 217 2381 νους
229 2348 382 2384 ἀποφῆναι,
395 2348 482 2382 δεξιόν
494 2356 521 2375 τι
531 2348 653 2384 νομίζειν
672 2348 796 2375 κελεύσει
812 2348 835 2365 ³ο
849 2358 856 2383 ;
875 2349 947 2376 Ἐλε-

154 2394 248 2429 λὴοεις
262 2395 283 2411 ²¹
298 2394 354 2430 ἄρα
372 2394 471 2422 σαυτὸν
491 2395 613 2426 ἁπάσαις
637 2395 698 2426 ταῖς
720 2394 881 2430 παροιμίαις
905 2395 948 2421 ἑν-

155 2440 293 2475 ιχόμενος,
302 2441 346 2474 είς
358 2441 419 2475 πῦρ
427 2440 539 2473 ξαίνων
546 2440 595 2467 καὶ
608 2441 696 2468 λίθον
706 2440 789 2475 ἕψων·
799 2441 849 2468 καὶ
861 2441 946 2468 σπεί-

150 2494 214 2519 ρων
227 2485 279 2518 τὰς
293 2485 414 2519 πέτρας.
429 2485 462 2511 Τί
477 2484 532 2521 γὰρ
543 2484 599 2512 τῶν
615 2484 669 2512 σῶν
680 2483 827 2511 νουθεσιῶν
843 2485 890 2512 καὶ
904 2484 945 2510 λό-

154 2539 210 2564 γων
220 2530 382 2566 ἀπήλαυσαν
395 2531 495 2558 ἐκεῖνοι
506 2539 514 2564 ;
534 2530 561 2557 τί
576 2530 630 2557 τῶν
649 2530 729 2557 θείων
742 2530 759 2565 ἢ
773 2530 827 2557 τῶν
838 2530 945 2566 ἀνθρω-

156 2577 242 2604 πίνων
258 2577 368 2612 ἄμεινον
384 2577 606 2613 μετεχειρίσαντο
617 2576 783 2612 Διονύσιοςῆ
799 2576 868 2603 Δίων
885 2577 947 2612 μετ’

997 2260 1078 2288 quam
1104 2257 1131 2279 tu
1155 2257 1226 2286 tuos,
1247 2252 1375 2281 meliores
1395 2252 1538 2280 edicimus.
1558 2252 1636 2286 Quod
1649 2253 1672 2280 si
1695 2252 1792 2280 horum

996 2295 1114 2323 indolem
1134 2296 1210 2324 dices
1234 2296 1374 2324 meliorem
1399 2295 1493 2330 fuisse,
1522 2296 1575 2325 hac
1591 2304 1702 2333 quoque
1721 2297 1749 2326 iu
1764 2304 1793 2325 re

997 2347 1116 2370 nostram
1139 2343 1262 2370 declaras
1280 2343 1462 2378 prudentiam,
1483 2343 1529 2378 qui
1545 2350 1620 2378 spem
1636 2343 1662 2370 in
1683 2343 1726 2372 his
1741 2344 1792 2370 ali-

996 2396 1078 2424 quam
1104 2389 1299 2424 posuerimus,
1325 2396 1387 2416 cum
1416 2393 1444 2416 tn
1467 2393 1526 2417 toto
1553 2389 1689 2418 erraveris
1710 2390 1791 2423 cmi»,

1000 2435 1109 2470 quando
1120 2442 1180 2462 cum
1196 2434 1249 2462 illis
1261 2434 1363 2462 utiliter
1378 2438 1405 2462 te
1422 2435 1624 2470 disputaturum
1639 2435 1791 2464 credidisti.

1000 2481 1103 2509 Deinde
1126 2481 1197 2509 sicut
1219 2488 1251 2509 ea
1267 2481 1294 2509 in
1309 2481 1409 2517 quibus
1429 2481 1498 2510 alios
1509 2482 1634 2510 vicerunt
1644 2482 1728 2510 indoli
1740 2482 1791 2509 tri-

1002 2528 1074 2561 buis,
1089 2528 1129 2556 sic
1146 2529 1228 2556 etiam
1251 2527 1275 2555 si
1297 2528 1360 2564 quid
1384 2527 1433 2556 tibi
1455 2528 1522 2556 satis
1544 2533 1646 2557 temere
1664 2528 1791 2556 videntur

1001 2576 1100 2609 egisse,
1119 2575 1171 2602 hoc
1195 2575 1282 2602 eidem
1306 2574 1389 2602 indoli
1405 2575 1509 2610 imputa
1523 2582 1532 2608 ;
1549 2581 1635 2610 neque
1647 2582 1708 2602 cum
1730 2581 1791 2610 qua:

803 2646 921 2675 VARIIE
938 2640 1140 2673 LEC’I'IUNES.

189 2702 213 2719 ¹⁰
227 2702 326 2739 ταῦτα]
340 2702 410 2730 αὐτὰ
425 2703 457 2731 Α.
494 2703 515 2739 ίξ
530 2703 572 2738 ἐφ’
583 2704 606 2730 A
625 2712 632 2730 :
646 2703 693 2738 ἀφ’
707 2712 749 2739 ςη
772 2703 794 2719 ¹¹
810 2702 881 2739 tias]
896 2711 922 2738 p.
936 2703 998 2731 37L
1039 2702 1270 2739 "bbeuitr’ﬁqgav
1284 2709 1315 2739 ς,
1337 2737 1345 2739 _
1355 2701 1442 2739 ¹¹ἰτὴν
1452 2702 1492 2739 δὲ]
1505 2711 1531 2738 p.

1648 2703 1669 2719 “‘
1682 2702 1713 2729 τὸ
1725 2705 1789 2731 add.

155 2739 187 2765 Α.
227 2736 427 2773 ’θηρωταγόρα
440 2738 473 2766 Α,
507 2738 527 2755 "
541 2736 586 2766 καὶ
597 2746 651 2766 om.
667 2736 700 2767 Ᾱ,
732 2738 754 2754 ¹⁸
773 2739 799 2765 τί
810 2736 911 2802 οὖνλρ.
927 2739 989 2766 5T5.
1030 2739 1050 2754 "
1063 2736 1291 2780 ἀνθρώπωνλτῶν
1300 2736 1452 2772 ἀνθρώπων
1465 2736 1510 2766 AT
1528 2738 1557 2755 ›¹⁰
1573 2737 1746 2773 ἠδυνήθησαν
1759 2747 1789 2770 ς.

155 2774 176 2789 ἰ
193 2773 258 2802 λυμ.
293 2774 342 2802 τὴν
367 2774 459 2802 χώραν
490 2781 545 2801 om.
578 2774 612 2802 A.
657 2774 680 2790 ²²
698 2774 829 2802 καθαιρεῖν
894 2773 1061 2802 εκαθαριεῖν
1089 2783 1119 2802 ς.
1158 2773 1182 2788 ¹¹
1200 2781 1289 2800 παντα
1315 2772 1338 2800 Δ
1364 2771 1478 2802 επάντη
1504 2781 1535 2802 ς.
1575 2774 1598 2789 ’⁸
1622 2772 1656 2799 ἂν
1684 2780 1739 2801 οιη.
1756 2777 1786 2801 Α.

155 2773 258 2808 ἰλυμ.
293 2774 342 2807 τὴν
367 2774 459 2809 χώραν
490 2781 545 2801 om.
578 2774 612 2802 A.
657 2774 680 2790 ²²
698 2774 829 2809 καθαρεῖν

154 2808 179 2825 ’³
195 2807 327 2834 προπιθῆ
358 2810 390 2834 Δ.
430 2808 556 2834 “audivi
587 2809 668 2834 ωύσιν
695 2810 782 2834 ταῦτα
796 2810 829 2834 Α.

157 2844 174 2861 ι·
189 2817 336 2880 Ξίὲἶῖἷέῗὲ]
354 2817 458 2879 ᾖξε-[7.

919 2773 1061 2809 καθαριεῖν
1089 2783 1119 2805 ς.

358 2808 413 2845 Α.ς
430 2808 453 2845 ‘_'
464 2808 556 2845 φύσιν]
587 2809 668 2843 φύσιν
695 2808 782 2837 ταῦτα
796 2810 829 2837 Α.
870 2809 891 2825 ⁸⁷
907 2809 975 2837 ἀλλὰ
992 2808 1067 2845 μὴν].

1158 2773 1182 2788 ¹¹
1200 2771 1289 2800 πάντα
1315 2772 1338 2800 Δ
1353 2771 1479 2808 (πάντῃ
1504 2781 1535 2805 ς.
1575 2771 1598 2789 ί*
1622 2771 1656 2799 ἂν
1684 2771 1739 2801 ὸιη.
1756 2777 1786 2801 Α.

1119 2808 1143 2824 ’⁸
1156 2808 1203 2835 ἐπὶ
1232 2817 1286 2836 om.
1305 2810 1337 2836 A.
1377 2806 1399 2822 "
1415 2808 1440 2840 γ’
1457 2806 1511 2836 om.
1524 2808 1558 2836 A.
1598 2808 1620 2824 ³⁸
1636 2807 1742 2836 κελεύει
1758 2810 1785 2837 Α.
