1923 3093
116 114 184 148 1567

684 113 817 144 ΡΗΟΤῙΙ
831 111 1083 143 PATRIARCH/E
1102 111 1158 142 ΟΡ.

1679 106 1749 141 156⁸3

115 179 130 198 a
148 167 333 204 vituperandis
352 167 417 199 rcis,
438 167 531 200 credo,
561 166 753 194 abstinuisset.
768 166 922 195 Caeterum.

976 165 1144 200 ατηγόρηκε,
1161 164 1210 200 τὴν
1226 164 1276 200 μὲν
1292 163 1378 200 τύχην
1394 162 1457 190 ἀντὶ
1471 161 1583 198 γνώμης
1601 161 1749 195 ἐξετάζων.

115 217 139 243 si
156 215 231 243 viros
258 219 374 248 utroque
396 213 478 240 modo
503 213 572 240 volet
591 212 669 240 Plato
695 213 909 249 reprehendere,

115 261 193 296 quasi
212 266 320 288 acutum
348 259 477 294 quiddam
493 259 649 294 arripuerit,
665 260 730 294 quid
751 263 828 286 vetat
841 267 911 294 quo-

117 307 209 335 minus
234 306 332 341 aliquis
356 313 406 340 par
424 305 482 340 pari
506 305 632 339 reddens,
656 309 771 340 utroque
804 313 911 333 rursum

118 354 200 381 modo
217 353 258 381 sic
284 353 441 381 dissolvat?
472 352 502 380 Si
536 359 585 380 eos
609 357 685 380 recte
705 356 734 379 et
761 350 832 385 iuste
848 358 914 379 con-

119 397 280 425 demnarunt
295 396 485 429 Athenienses,
502 404 556 424 non
568 401 648 424 erant
657 395 692 424 ab
703 395 757 424 illis
771 395 890 431 corrupti
905 404 912 423 :

120 450 183 468 nam
205 449 266 470 cum
294 445 368 469 recte
381 442 512 476 agebant,
541 449 594 469 non
612 448 661 470 eos
676 441 715 469 illi
726 445 913 476 corruperant.

120 486 210 519 Quare
230 486 253 514 si
283 486 381 514 merito
398 490 461 512 sunt
475 485 661 519 condemnati,
678 493 733 514 non
746 485 792 514 hic
808 485 916 521 pejores

121 536 211 564 erunt,
234 531 335 567 @354:
366 531 410 558 sin
448 539 496 559 eos
533 530 637 567 injuste
677 531 914 564 condemnarunt,

123 577 248 611 injttriam
261 577 332 612 passi
358 581 422 604 sunt
436 577 498 609 viri,
517 585 569 604 non
587 577 735 605 intulerunt
752 587 758 605 :
785 578 852 605 tales
865 585 916 605 au-

123 626 176 648 tem
206 620 352 656 adiuvandi
373 626 448 652 sunt,
473 629 527 649 non
542 622 689 649 accusandi
704 642 712 654 ,
728 627 775 650 aut
785 623 808 650 si
821 622 914 657 iuvari

123 671 271 702 nequeunt,
303 667 398 694 saltem
424 668 547 695 accusari
569 676 622 695 non
651 668 759 696 debent.
775 668 838 703 Ego}
855 676 919 696 vero

123 711 334 746 c-legantioribns
353 712 411 740 ltzec
426 713 558 748 relinquo.
571 712 631 747 ipse
652 719 741 741 autem
757 714 821 749 quid
844 713 918 741 aﬂir—

125 759 188 785 nm?
214 764 260 786 aut
283 768 362 795 quam
384 760 519 788 rationem
552 762 678 797 sequor?
714 761 772 789 Non
804 765 920 797 possunt

126 804 234 839 utrique
270 805 350 832 simul
376 806 517 838 accusari,
544 811 571 834 et
613 807 708 842 vulgus
737 811 766 836 et
787 808 849 839 viri,
867 807 919 835 nisi

959 211 1009 246 τὴν
1023 211 1046 238 δ’
1060 211 1162 246 ἑτέρων
1179 210 1317 246 ἁμαρτίαν
1337 209 1375 242 ὡς
1386 209 1499 236 ἐκείνων
1513 206 1597 236 οὖσαν
1610 208 1707 240 τιθείς.
1717 208 1750 235 El

960 257 989 284 δὲ
999 257 1061 288 τοὺς
1074 257 1349 292 καταψηφιζομένους
1359 255 1407 282 καὶ
1418 257 1475 286 τοῖς
1485 255 1579 286 ῖπποις
1592 253 1752 286 ἀπεικάζων

962 305 1020 335 τοῖς
1035 302 1210 335 λακτίζουσιν
1234 302 1343 337 ἰσχυρόν
1354 310 1381 328 τι
1395 301 1485 335 λέγειν
1499 300 1559 327 καθ’
1573 296 1610 327 ὧν
1633 300 1650 335 ή
1663 299 1754 335 ψῆφος

962 350 1060 382 οἴεται,
1069 349 1137 384 ταχύ
1152 350 1181 383 γ’
1192 348 1225 376 ἂν
1240 350 1265 375 εί
1276 349 1332 380 τοῖς
1348 347 1453 374 δώδεκα
1464 347 1537 378 θεοῖς
1551 346 1629 381 ἔσχεν
1644 346 1756 373 εἰκάσαι

963 395 1028 428 τοὺς
1043 395 1242 430 καταγνόντας,
1259 394 1388 429 ἀπέσχετ’
1404 393 1438 420 ἂν
1458 392 1514 419 τῶν
1529 392 1649 420 ἁλόντων
1673 391 1705 419 τδ
1718 391 1758 426 μὴ

964 441 995 468 οὐ
1015 441 1110 472 κακῶς
1129 441 1227 468 εἰπεῖν.
1244 440 1308 467 Εἰδ*
1320 440 1344 456 ¹⁵
1358 439 1402 466 ἐπ’
1424 439 1568 474 ἀμφότερα
1589 438 1704 466 Πλάτων
1714 437 1759 464 αι-

964 487 1090 514 τιάσεται
1104 487 1169 518 τοὺς
1190 486 1300 521 ἄνδρας,
1312 485 1408 521 ὥσπερ
1424 484 1505 520 σοφοῦ
1530 484 1603 516 τινὸς
1623 483 1759 519 εἰλημμέ-

966 539 1012 563 νος
1023 531 1057 565 ¹⁷,
1069 531 1096 558 τε
1110 531 1211 558 κωλύει
1228 531 1290 558 τινά
1307 531 1357 562 τάς
1374 530 1471 566 ὁμοίας
1487 529 1700 556 ἁνταποδιδόντα
1715 528 1760 555 ἐπ’

967 577 1112 612 ἀμφότερα
1126 577 1160 604 αὖ
1170 577 1193 593 ’³
1210 577 1371 611 φιλονείκως
1387 575 1624 611 ὑπολαμϐάνοντα,
1641 574 1762 602 διαλύειν

968 623 1018 650 ὡδὶ
1027 623 1074 650 τὸν
1087 623 1176 657 λόγον,
1184 623 1225 650 ὅτι
1238 623 1262 650 εἰ
1274 623 1365 654 καλῶς
1375 621 1466 649 καὶτὰ
1477 622 1569 648 δίκαια
1577 621 1668 649 αὐτῶν
1682 620 1765 655 Ἀθηο

969 670 1039 696 ναῖοι
1053 669 1241 702 κατέγνωσαν,
1254 668 1304 695 οὐκ
1314 665 1386 703 ἦσαν
1399 668 1445 694 ὑπ’
1455 667 1546 694 αὐτῶν
1554 666 1762 701 διεφθαρμένοι·

969 715 1005 742 τά
1021 715 1076 750 γὰρ
1092 714 1184 742 δίκαια
1201 713 1321 741 ἐποίουν.
1340 713 1446 740 Οὐκοῦν
1457 713 1511 740 οὐδ’
1524 713 1623 739 ἐκεῖνοι
1633 712 1764 747 διεφθάρ-

972 767 1069 787 κῑσαν·
1086 759 1157 787 ὥστε
1182 760 1208 786 sl
1231 759 1345 791 δικαίως
1369 759 1506 791 ἑάλωσαν,
1530 757 1607 785 οὐδὲν
1629 757 1717 792 ταύτῃ
1731 764 1765 791 γε

974 806 1083 842 χείρους
1093 804 1175 842 ἦσαν.
1188 807 1219 833 El
1234 806 1264 833 δὲ
1279 806 1381 837 ἀδίκως
1396 805 1488 833 αὐτῶν
1502 805 1601 832 ἐκεῖνοι
1614 803 1767 838 κατεψηφί-

126 850 227 878 al'eros
256 851 399 879 manifeste
415 851 575 879 calumniari
590 853 724 881 volumus.
752 853 858 882 Etenim
895 854 919 882 si

976 837 1238 885 σαντοξάδικεῖσθαι
1253 853 1310 884 τοῖς
1333 852 1463 887 ἀνδράσιν
1488 850 1639 886 περίεστιν,
1661 837 1767 876 ἀδικεῖν

127 900 199 921 τιιαιο
226 895 282 922 sint
311 897 497 928 condemnati,
527 897 578 930 ipsi
608 899 716 932 quidem
751 899 921 927 fuerintim-

128 941 222 974 probi;
239 941 353 976 populus
369 942 457 970 ol'licio
470 951 519 971 suo
543 943 651 972 functus
666 948 718 972 est.
742 945 836 980 Itaque
865 953 918 973 non

128 986 252 1014 dcbetob
273 987 342 1014 hanc
366 995 423 1015 rem
446 989 556 1022 quidem
582 988 704 1024 culpari,
731 997 766 1017 an
779 998 844 1026 ergo
859 999 920 1018 cum

129 1039 191 1058 cum
212 1040 272 1059 cum
293 1032 488 1061 ferocientibus
510 1035 602 1062 bestiis
628 1043 832 1071 comparamus,
849 1042 923 1064 recte

130 1085 178 1103 nos
196 1077 286 1105 facere
324 1078 464 1106 dicemus?
493 1080 541 1108 Sin
567 1082 694 1116 peccavit
720 1082 850 1116 populus,
868 1090 922 1110 una

130 1131 191 1150 cum
219 1124 314 1158 ipsius,
341 1131 452 1160 peccato
480 1127 601 1154 virorum
641 1128 768 1162 probrum
798 1129 920 1157 diluitur.

131 1169 160 1196 ln
176 1170 226 1198 hoc
242 1172 313 1197 enim
331 1172 390 1205 ipso
407 1172 588 1201 Athenienses
611 1173 761 1208 deliquisse
787 1166 917 1207 dicimus,

131 1213 200 1247 quod
214 1214 273 1240 illus
302 1215 407 1247 exsilio,
440 1217 563 1250 pecunia,
590 1217 630 1243 vel
647 1217 700 1244 alia
713 1225 742 1245 re
753 1225 917 1253 quacunque

133 1259 293 1287 multarunt.
314 1261 383 1294 Quid
401 1267 490 1289 autem
508 1262 566 1290 hanc
587 1262 666 1290 aﬂ'ert
688 1264 780 1290 ratio?
800 1264 865 1291 nihil
878 1271 925 1292 eos

133 1304 228 1331 borum
248 1306 359 1333 meritos
377 1314 448 1334 esse.
465 1307 547 1342 Atqui
565 1308 586 1335 si
609 1308 679 1335 male
689 1308 821 1340 fecerant.
837 1309 925 1337 meriti

132 1355 234 1383 erant;
258 1353 387 1386 quoniam
412 1358 504 1380 autem
532 1355 623 1382 meriti
645 1362 698 1382 non
714 1360 802 1389 erant,
824 1355 927 1390 liquido

133 1397 270 1432 colligitur
300 1399 371 1427 male
397 1401 464 1428 nihil
490 1401 596 1429 fecisse.
612 1401 672 1430 Jam
690 1403 735 1438 qui
757 1404 849 1437 probis
865 1411 925 1431 ma-

135 1443 264 1475 ledicunt,
281 1449 309 1472 et
329 1446 481 1474 calumnias
513 1448 648 1483 ingerunt,
667 1457 720 1476 non
739 1450 832 1484 utique
844 1451 927 1485 probe

135 1489 248 1517 faciunt.
274 1490 328 1519 Nos
355 1493 438 1528 igitur
473 1502 521 1527 pro
555 1496 728 1524 accusatione
752 1502 928 1532 utrorumque

130 1534 231 1567 justam
263 1542 442 1574 utrorumque
478 1539 662 1569 defensionem
683 1542 865 1576 proferemus,
896 1552 928 1572 ae

137 1589 188 1608 nec
219 1583 310 1617 populi
337 1585 419 1612 totius
446 1587 516 1614 hanc
543 1594 603 1615 esse
641 1589 761 1623 culpam,
784 1597 833 1618 nec
869 1590 928 1619 illos

133 1626 220 1654 sicubi
247 1629 430 1664 oliendernnt,
445 1633 552 1667 pejores
568 1633 661 1661 haberi
679 1634 780 1663 debere
791 1636 925 1664 dicemus.

135 1671 188 1700 Nec
221 1674 293 1700 enim
317 1680 346 1702 ut
369 1677 484 1705 athletis
512 1679 592 1711 solet,
619 1680 659 1706 sic
683 1686 710 1707 et
737 1682 825 1716 poetis
856 1690 925 1718 prse-

134 1719 313 1748 stantioribns
348 1729 456 1757 semper
481 1724 603 1752 dci‘ertnr
628 1726 754 1760 victoria,
777 1735 871 1755 verum
899 1734 928 1756 et

135 1763 178 1790 hic
195 1764 364 1794 Pindaricum
383 1768 448 1796 illud
465 1769 552 1797 locum
578 1771 667 1805 habet,
692 1773 833 1802 verissime
855 1774 926 1802 enim

135 1810 233 1837 cecinit
246 1811 288 1839 ille
307 1822 314 1840 :

973 899 1002 926 δὲ
1016 900 1038 916 ¹⁹
1055 898 1182 932 οὐδαμῶς
1191 906 1198 913 ·
1214 899 1270 930 τοῖς
1284 898 1306 925 δ’
1320 896 1474 932 ἀδικηθεῖσι
1486 895 1605 932 βοηθεῖν,
1617 895 1667 922 οὐκ
1682 896 1769 939 ἐγκει-

974 944 1031 971 λεῖν
1045 944 1119 976 είκός
1134 945 1219 971 ἐστιν.
1237 944 1270 971 Εἰ
1295 944 1323 970 δέ
1345 952 1387 970 τοι
1402 944 1449 970 καὶ
1465 942 1502 978 μὴ
1520 941 1634 970 δυνατὸν
1647 940 1768 976 βοηθεῖν,

975 990 1033 1017 ἀλλ’
1048 990 1109 1025 οὐχὶ
1125 991 1184 1025 καὶ,
1194 990 1297 1016 δίκαιον
1318 989 1454 1023 ἐγκαλεῖν.
1479 988 1550 1023 Ἐγὼ
1564 988 1592 1014 δὲ
1613 987 1703 1014 ταῦτα
1717 986 1769 1022 μὲν

975 1038 1032 1068 τοῖς
1046 1036 1227 1072 κομψοτέροις
1241 1035 1375 1071 παρίημι·
1388 1034 1470 1066 αὐτὸς
1483 1034 1512 1061 δὲ
1521 1034 1548 1061 τί
1560 1042 1633 1069 φημι
1647 1033 1696 1060 καὶ
1708 1032 1770 1064 πῶς

975 1082 1091 1117 δέχομαι
1106 1081 1154 1108 τὸν
1177 1081 1276 1114 λόγον;
1291 1081 1348 1107 Οὐκ
1372 1079 1430 1107 ἐστι
1451 1080 1557 1106 δίκαιον
1584 1079 1642 1114 ἃμα
1666 1079 1771 1113 ἀμφοῖν

977 1120 1152 1164 κατηγορεῖν,
1169 1129 1217 1155 καὶ
1233 1127 1280 1154 τοῦ
1294 1127 1383 1162 δήμου
1398 1126 1548 1154 κάκείνων·
1567 1126 1584 1161 ἢ
1598 1125 1692 1160 σαφῶς
1706 1124 1772 1156 τοὺς

978 1175 1088 1210 ἑτέρους
1108 1175 1359 1209 συκοφαντήσομεν.
1377 1173 1409 1199 Ei
1434 1172 1483 1208 μὲν
1497 1171 1552 1207 γὰρ
1569 1171 1659 1206 ὀρθῶς
1677 1170 1772 1197 ἐκεῖνα

978 1219 1166 1254 κατεγνώσθη,
1182 1219 1293 1254 ἠδίκουν
1320 1218 1370 1253 μὲν
1396 1217 1455 1254 (ὡς
1471 1216 1577 1251 ἔοικεν)
1599 1217 1710 1247 ἐκεῖνοι,
1730 1215 1773 1250 τῷ

977 1267 1056 1303 δήμῳ
1074 1266 1096 1293 δ’
1124 1265 1143 1294 ὃ.
1166 1266 1301 1301 προσήκει
1317 1264 1488 1300 πέπρακται,
1503 1263 1574 1290 ὥστε
1587 1263 1648 1298 οὐχὶ
1668 1262 1699 1297 δή
1717 1270 1770 1288 που

979 1312 1067 1340 ταῦτά
1089 1321 1121 1346 γε
1147 1312 1254 1338 δίκαιον
1285 1311 1451 1346 κατηγορεῖν
1477 1309 1572 1336 αὑτοῦ.
1592 1308 1652 1340 Πῶς
1675 1308 1700 1324 ³⁰
1723 1305 1786 1334 οὖν’

979 1360 1037 1391 τοῖς
1061 1358 1235 1394 ἀγριαίνουσι
1267 1357 1322 1383 τῶν
1351 1355 1429 1389 ζώων
1461 1355 1543 1382 αὐτὸν
1574 1353 1772 1385 ἀπεικάζοντες

980 1405 1071 1441 ὀρθῶς
1097 1404 1221 1439 φήσομεν
1244 1403 1331 1429 ποιεῖν
1343 1401 1384 1433 ³¹ς
1411 1401 1436 1428 εί
1453 1401 1476 1429 δ’
1498 1401 1623 1436 ἥμαρτεν
1638 1400 1652 1426 ὁ
1675 1399 1773 1434 δῆμος.

981 1453 1040 1487 ἅμα
1055 1460 1085 1478 τε
1102 1450 1199 1485 ἐκείνῳ
1214 1449 1372 1484 ἡμάρτηται
1391 1447 1439 1474 καὶ
1462 1449 1519 1479 τοῖς
1534 1446 1645 1482 ἀνδράσι
1668 1445 1775 1472 τοῦνει-

981 1499 1025 1530 δος
1039 1498 1062 1514 ³¹
1075 1497 1196 1523 λέλυται.
1212 1495 1283 1521 Αὐτὸ
1298 1495 1320 1511 ³³
1340 1494 1395 1529 γὰρ
1422 1493 1502 1520 τοῦτό
1525 1500 1615 1527 φαμεν
1639 1492 1775 1527 δήπουθεν

980 1544 1116 1579 ἁμαρτεῖν
1135 1541 1307 1576 Ἀθηναίους,
1324 1539 1496 1575 τιμήσαντας
1511 1538 1628 1569 ἐκείνοις
1650 1537 1741 1572 φυγῆς
1755 1537 1775 1571 ἦ

978 1589 1142 1624 ὁτουδήποτε
1159 1587 1294 1622 ἐτίμησαν
1319 1585 1439 1620 ἑκάστῳ,
1466 1580 1551 1615 Οὗτος
1567 1582 1596 1609 δὲ
1620 1583 1634 1609 ό
1647 1582 1728 1616 λόγος
1746 1581 1775 1608 τί

978 1635 1072 1670 λέγει;
1088 1633 1211 1669 Μηδενδς
1226 1632 1330 1659 τούτων
1354 1630 1476 1661 ἐκείνους
1499 1628 1592 1661 ἀξίους
1617 1626 1700 1655 εἶναι.
1717 1627 1775 1654 Καὶ

980 1681 1035 1717 μὴν
1059 1680 1086 1707 εἴ
1102 1688 1135 1714 γε
1162 1679 1284 1714 ἠδίκουν,
1310 1677 1381 1709 ἄξιοι
1405 1675 1508 1703 τούτων
1528 1672 1617 1711 ἦσαν·
1632 1675 1678 1701 ὅτε
1696 1674 1726 1701 δὲ
1744 1674 1775 1700 οὑ

981 1727 1084 1754 τούτων
1097 1725 1179 1758 ἄξιοι,
1197 1723 1292 1758 σαφῶς
1308 1723 1359 1750 οὐκ
1373 1722 1493 1757 ἠδίκουν.
1505 1721 1576 1752 Τοὺς
1595 1720 1619 1747 δ’
1643 1720 1694 1746 οὐκ
1715 1719 1777 1746 ὰδτδ

983 1773 1098 1803 κοῦντας
1114 1771 1208 1803 κακῶς
1220 1770 1310 1804 λέγειν
1336 1769 1384 1795 καὶ
1402 1767 1582 1802 συκοφαντεῖν
1603 1765 1666 1800 οὐχὶ
1683 1764 1779 1792 δίκαια

983 1820 1071 1847 ποιεῖν
1084 1818 1108 1834 ἰ
1125 1816 1209 1844 ἐστίν.
1234 1815 1330 1851 Ἡμεῖς
1344 1813 1435 1840 τοίνυν
1453 1813 1514 1840 ἀντὶ
1534 1811 1582 1839 τοῦ
1611 1811 1778 1846 κατηγορεῖν

135 1855 298 1893 ἀμφοτέρων
313 1859 383 1895 ὑπὲρ
394 1861 559 1898 ἀμφοτέρων
573 1864 609 1891 τά
622 1866 763 1900 πρέποντα
779 1869 998 1904 ἀπολογούμεθα,
1014 1867 1077 1894 οὕτε
1092 1864 1139 1892 τοῦ
1155 1865 1242 1900 δήμου
1253 1864 1312 1899 ιτὴν
1326 1862 1416 1890 αἰτίαν
1446 1861 1547 1892 παντὸς
1559 1860 1581 1877 ³⁸
1619 1857 1690 1887 εἶναι
1723 1858 1779 1894 φά-

137 1905 333 1937 εκοντες,οὕτε
348 1908 470 1941 ἐκείνους
487 1911 648 1947 προσήκειν,
666 1914 690 1938 εἰ
717 1914 758 1941 δτι
773 1916 989 1951 προσέπταισαν,
1018 1914 1127 1950 χείρους
1151 1910 1320 1947 νομίζεσθαι.
1359 1909 1414 1936 Καὶ
1448 1908 1499 1935 οὐκ
1519 1907 1542 1924 ³⁸
1576 1907 1623 1933 ἐπὶ
1649 1905 1700 1940 μὲν
1722 1904 1779 1934 τιῖν

137 1950 261 1997 ἀβλητῶν
275 1952 346 1980 οὕτω
358 1955 511 1989 συμϐαίνει,
525 1959 560 1984 τὰ
580 1959 607 1984 δὲ
623 1960 672 1994 τῆς
697 1962 830 1997 μουσικῆς
844 1963 993 1997 ἑστηκυῖαν
1011 1962 1069 1996 ἔχει
1081 1960 1130 1995 τὴν
1146 1959 1225 1994 νίκην
1239 1959 1297 1989 τοῖς
1325 1956 1490 1992 κρείττοσιν,
1531 1953 1600 1981 ἀλλὰ
1630 1951 1776 1980 κάνταῦθα

137 1996 168 2022 τὸ
190 1998 237 2024 τοῦ
262 1999 393 2034 Πινδάρου
419 2003 534 2035 κρατεῖ·
558 2004 629 2030 πάνυ
652 2005 706 2041 γὰρ
727 2007 785 2041 μετ’
802 1996 931 2043 ἀληθείας
949 2007 1023 2035 τοῦτ’
1037 2007 1141 2037 ἐκεῖνος
1156 2004 1288 2040 ὕμνησεν-

174 2054 220 2090 [In
248 2056 317 2082 circa
335 2061 423 2083 autem
438 2058 557 2092 fortuna,
575 2068 625 2087 non
641 2061 721 2088 robur
733 2083 741 2094 ,
760 2063 850 2090 vincit.

173 2110 266 2145 itaque
290 2112 461 2145 conspicatus
476 2111 615 2142 Eumelum
636 2115 762 2147 Achilles.
789 2117 929 2144 cadentem

140 2163 154 2182 c
173 2163 253 2183 curru
281 2157 408 2185 misertus
432 2160 518 2187 dixit:

175 2213 295 2248 Oplimus
321 2221 436 2243 extremo
453 2218 492 2244 vir
511 2227 590 2254 equos
613 2219 666 2254 agit
682 2221 773 2248 ordine
789 2221 881 2256 fortes.

174 2270 254 2304 Atqui
270 2271 416 2299 absurdum
432 2278 491 2300 erat
505 2274 605 2302 hascita
619 2274 747 2311 deinceps
755 2277 931 2312 conjungere,

140 2321 220 2350 atque
228 2317 351 2344 eumdem
365 2318 495 2351 optimum
510 2325 537 2347 et
550 2325 700 2348 extremum
710 2323 808 2350 dicere.
820 2323 933 2351 Verum-

141 2366 230 2389 t-men
240 2363 338 2397 italres,
346 2363 442 2399 inquit,
453 2365 577 2394 humanae
586 2366 685 2395 ferunt.
693 2367 749 2396 Hoc
756 2369 827 2397 enim
839 2370 932 2398 viden-

141 2411 184 2434 tur
208 2407 272 2435 mibi
290 2409 370 2436 verba
387 2410 464 2443 velle,
481 2412 604 2440 enuntiem
622 2421 683 2441 esse
711 2419 740 2442 et
758 2415 889 2449 optimum
905 2420 933 2443 et

141 2457 307 2488 extremum,
322 2455 392 2489 quod
420 2456 493 2484 olinl'
507 2457 636 2485 Orontem
649 2459 766 2494 .Pcrsant
791 2461 825 2489 de
849 2461 933 2496 digito

140 2498 241 2527 daisse
253 2499 350 2530 l‘crunt.
369 2502 491 2528 eumdem
508 2502 559 2530 situ
572 2504 625 2531 alio
643 2513 714 2533 nunc
731 2506 824 2533 decem
837 2507 931 2539 millia,

141 2553 212 2573 nunc
227 2555 309 2573 unum
326 2547 458 2575 duntaxat
478 2551 631 2578 ostendere.
641 2552 744 2585 [Quare
759 2553 800 2587 ad:
812 2552 932 2581 Platonis

142 2593 373 2630 exemplnmmihi
384 2600 459 2623 certe
467 2596 572 2624 videtur
583 2596 680 2633 ﬁ350
697 2599 822 2627 Eumelus
838 2599 864 2626 in
880 2607 933 2627 cte-

1045 2062 1097 2089 Ἐν
1110 2061 1237 2095 ἔργμασι
1251 2057 1321 2091 νικᾷ
1335 2057 1410 2091 τύχα
1426 2056 1461 2089 ³⁷,
1472 2056 1508 2083 οὐ
1523 2055 1644 2087 σθένος.

1020 2119 1101 2145 Ὥστε
1113 2117 1135 2133 ³⁸
1153 2116 1215 2143 ίδὼν
1230 2115 1275 2141 τὸν
1288 2114 1414 2149 Εὔμηλον
1435 2112 1576 2147 Ἀχιλλεὺς
1587 2110 1636 2138 τοῦ
1651 2111 1777 2147 ἅρματος

984 2163 1136 2191 ἐκπεσόντα
1150 2160 1266 2198 ᾤκτειρέ
1288 2168 1318 2186 τε
1335 2159 1382 2186 καὶ
1393 2158 1468 2193 λέγει

945 2239 971 2270 D
985 2221 1112 2254 Λοῖσθος
1122 2219 1200 2253 ἀνὴρ
1213 2217 1340 2254 ὤριστος
1356 2216 1479 2244 ἐλαύνει
1491 2215 1636 2251 μώνυχας
1650 2214 1778 2247 ῖππους.

1017 2275 1083 2314 Ἆρ’
1101 2276 1148 2304 οὖν
1157 2276 1188 2303 οὐ
1200 2275 1352 2312 παράδοξον
1367 2274 1431 2310 ἑξῆς
1441 2274 1540 2301 οὑτωσὶ
1561 2272 1649 2300 θεῖναι
1673 2271 1781 2307 παράλ-

983 2323 1063 2358 ληλα,
1090 2322 1138 2349 καὶ
1160 2321 1206 2348 τὸν
1227 2321 1309 2349 αὑτὸν
1336 2320 1443 2347 λοῖσθόν
1455 2328 1485 2347 τε
1502 2319 1550 2346 καὶ
1566 2319 1678 2355 ἄριστον
1695 2326 1782 2354 προσ-

983 2370 1089 2402 ειπεῖν;
1119 2367 1191 2394 Ἀλλ’
1216 2367 1292 2402 ὅμως
1317 2366 1443 2400 τοιαῦτα,
1459 2366 1538 2402 φησι,
1569 2365 1604 2392 τά
1622 2363 1782 2400 ἀνθρώπεια

985 2415 1074 2451 (τοῦτο
1089 2414 1143 2449 γάρ
1157 2422 1202 2449 μοι
1212 2414 1286 2440 δοκεῖ
1297 2413 1351 2440 τῶν
1364 2412 1496 2449 ῥημάτων
1507 2411 1538 2438 τὸ
1550 2410 1675 2447 βούλημα
1687 2407 1782 2444 εἶναι)⁸

985 2460 1095 2493 ὁαὺτὺς
1129 2460 1199 2496 ἀνὴρ
1223 2459 1288 2496 [707
1310 2458 1355 2495 11.]
1389 2458 1500 2494 ἄριστός
1520 2466 1551 2484 τε
1579 2457 1628 2484 καὶ
1655 2456 1781 2491 ἔσχατος.

987 2507 1076 2542 Ὅπερ
1087 2507 1110 2523 ⁸⁸
1126 2507 1192 2541 περὶ
1206 2505 1254 2532 τοῦ
1272 2504 1405 2531 δακτύλου
1420 2504 1487 2539 φασί
1514 2502 1574 2530 ποτ’
1590 2503 1679 2530 είπεῖν
1689 2501 1782 2536 Ὀρόν-

986 2560 1036 2587 την
1055 2552 1077 2568 ⁸⁸
1091 2551 1138 2578 τὸν
1165 2550 1283 2586 Πέρσην,
1308 2549 1346 2582 ὡς
1362 2549 1404 2576 ὀ⁸¹
1422 2549 1504 2581 αὐτὸς
1518 2548 1557 2576 ὢν
1573 2550 1607 2584 τῇ
1623 2547 1697 2575 θέσει
1716 2546 1783 2573 ποτὶ

989 2599 1038 2634 μὲν
1050 2597 1085 2624 τὰ
1097 2597 1182 2633 μυρία
1199 2596 1339 2632 σημαίνει,
1351 2596 1417 2623 ποτὲ
1433 2595 1457 2623 δ’
1474 2595 1505 2623 οὒ
1523 2595 1605 2623 πλέον
1621 2595 1639 2631 ἢ
1660 2592 1783 2622 ἓν.Ὠστ¹

773 2679 890 2707 νΑΙῖΙιλΕ
909 2679 1116 2709 LECTIONES.

180 2757 202 2771 "
212 2758 248 2794 -εί
263 2758 298 2794 δῚ
328 2765 354 2791 p.
373 2758 434 2794 Hii:
474 2758 495 2794 ’Τ
512 2758 713 2794 ἐπειλημμένος
735 2759 767 2787 Λ.

148 2790 168 2806 "
179 2791 312 2823 τοῦνειδος
324 2794 346 2819 Α
360 2802 366 2819 :
385 2793 414 2818 τὸ
424 2793 522 2823 liventia;
533 2801 562 2824 ς.
604 2790 707 2821 “ou-:6

808 2760 830 2776 η
851 2758 884 2788 αὖ
908 2769 963 2788 om.
980 2762 1012 2788 A.
1051 2762 1074 2778 ’ν
1091 2761 1119 2787 δὲ
1143 2762 1163 2788 Δ
1189 2771 1195 2788 :
1213 2770 1244 2795 γε
1259 2769 1288 2792 ς.
1327 2761 1349 2776 ³⁰
1364 2760 1423 2791 πῶς
1442 2758 1499 2795 οὖν,
1537 2759 1557 2775 ³⁸
1574 2759 1734 2795 ξιιςοιεῖνριιι3
1747 2756 1780 2795 A:

756 2796 777 2810 ³³
789 2798 877 2823 ποιεῖν
895 2798 952 2822 ἐστι
965 2804 1020 2823 om.
1032 2797 1063 2824 Α.
1103 2796 1125 2811 ³⁵
1137 2789 1244 2827 navali;
1257 2789 1289 2823 Ᾰ.
1328 2796 1349 2811 ³⁸
1360 2789 1421 2822 καὶ.
1436 2794 1498 2830 οὐκ]
1512 2801 1538 2829 ρ.
1567 2793 1630 2830 422.
1668 2792 1690 2808 ⁵⁷
1700 2789 1783 2830 τύχα]

148 2825 215 2860 τάχα
227 2828 259 2854 Λ,
297 2827 412 2863 "dsz
429 2836 454 2863 ιι.
470 2828 531 2856 423.
571 2829 593 2846 ”
610 2829 690 2865 ὅπερ]
710 2829 804 2865 ὥσπερ
818 2832 850 2858 Α.
889 2831 911 2848 ⁸ο
934 2831 1076 2867 Ὀρόντην)
1094 2831 1129 2860 ci.
1153 2825 1251 2859 Suidas
1275 2839 1298 2857 ν.
1323 2825 1519 2866 Ἀρῆαζάκιοξί
1560 2829 1581 2846 ⁸⁸
1596 2830 1610 2856 ὁ
1624 2835 1679 2856 om.
1696 2827 1727 2856 Δ.
