1923 3093
182 148 251 182 I575

731 143 864 175 PHOTII
882 140 1136 174 PATRIARCHIE
1149 139 1205 170 (ΣΡ.

1744 137 1812 170 1576

180 204 374 243 ignominiam,
400 206 481 238 atque
503 201 571 230 adeo
594 199 715 228 Platonis
740 200 824 235 ipsius
850 199 987 231 cederem,

1039 196 1079 243 λλ¹
1212 193 1266 220 τῶν
1285 193 1373 221 ἄλλων
1403 193 1515 228 μᾶλλον,
1539 193 1633 228 σχεδὸν
1652 193 1681 220 δέ
1691 202 1719 220 τι
1730 194 1741 210 ⁸
1766 195 1815 221 καὶ

181 254 249 281 ham
273 259 333 279 cum
358 255 483 285 putamus
506 255 567 275 cum
593 254 645 274 uon
671 253 759 279 posse,
777 245 799 272 si
824 244 885 279 quis
905 243 975 270 alius

182 299 284 335 probus
307 296 448 326 habeatur,
470 294 554 328 pluris
582 292 651 324 ﬁeri,
673 291 726 319 tale
743 291 872 326 quiddam
892 289 975 317 elﬁci-

184 353 253 373 tnus.
274 342 367 377 ."eque
382 340 510 368 convenit
525 343 696 366 contractum
713 345 774 364 cum
795 337 856 363 aliis
872 336 974 367 odium,

184 393 244 420 ﬁdei
269 391 340 426 apud
366 389 433 416 alios
449 387 622 415 occasionem
647 385 706 412 fore
730 385 849 411 credere.
865 381 931 409 Nam
953 381 975 408 si

184 438 287 466 l'latoni
305 444 358 464 non
377 432 574 463 tnalefaciendo
589 431 706 459 debitam
725 430 790 457 viris
806 429 910 455 laudem
927 427 976 454 tri-

185 485 304 516 buimus,
319 481 432 512 nemini,
443 480 535 509 credo,
548 478 664 505 facimus
675 476 812 510 iniuriam.
831 474 892 501 llaec
905 473 977 500 enim

185 530 295 566 politica
313 534 385 561 sunt,
413 528 530 555 humana
546 531 578 551 ac
595 523 647 550 diis
660 523 694 549 ab
709 521 782 549 omni
796 528 852 547 αινο
868 518 976 554 placita.

187 565 286 604 Verum
302 576 324 602 si
340 582 384 602 res
399 577 441 600 est
454 571 575 605 improba
586 569 729 603 tragoedia,
745 572 826 601 atque
842 565 979 600 improbo-

188 630 246 650 rtun
264 620 403 648 hominum
424 616 568 651 scripturn,
590 614 651 648 quis
673 617 698 640 te
719 612 792 639 dicat
814 617 874 637 esse
896 608 979 643 tragi-

186 667 271 695 cum?
287 665 363 698 Quod
382 662 453 690 enim
470 660 568 696 4371)
582 665 692 693 prorsus
706 661 748 684 est
763 660 851 689 turpe,
865 655 890 681 id
909 653 980 680 nullo

188 712 270 740 modo
290 713 378 745 potest
400 708 545 735 honestum
565 704 634 731 fieri.
653 703 753 730 Deinde
779 708 863 736 negas
887 706 981 734 quem-

189 765 270 793 quam
288 755 386 782 debere
410 751 549 787 improbos
571 747 691 780 imitari,
718 746 760 774 vel
776 747 810 773 ad
827 743 979 779 exemplum

191 791 308 832 deterius
327 807 356 828 se
372 803 548 832 componere;
571 802 621 821 nec
641 794 698 827 ipsc
723 793 773 819 hoc
791 791 890 825 ubique
911 797 980 823 pra?-

191 856 258 882 stas,
276 854 367 876 verum
383 844 498 872 innitaris
516 841 669 875 Sopltistas,
685 838 879 874 sycophantas,
894 835 982 862 Thra-

1025 240 1108 268 αὐτοῦ
1123 240 1278 271 Πλάτωνος.
1301 239 1338 265 Τδ
1360 239 1433 275 γὰρ’
1451 239 1579 274 ἡγεῖσθαι
1606 240 1726 275 χρηστοῦ
1738 249 1813 272 τινος

1024 288 1105 316 ἄλλου
1121 286 1263 321 κριθέντος
1279 285 1316 320 μὴ
1328 283 1397 311 εἶναι
1411 286 1498 320 τούτῳ
1512 285 1636 317 πλείονος
1648 285 1717 321 ἀξίῳ
1727 285 1815 318 δόξαι,

1026 334 1085 366 πῶς
1099 333 1130 360 οὑ
1157 332 1278 359 τοιοῦτόν
1305 332 1397 365 tactv;
1416 331 1454 358 Οὑ
1470 331 1528 357 δεῖ⁸
1559 331 1608 366 τὴν
1640 331 1707 366 πρὸς
1732 331 1815 363 τοῖις⁹

1026 379 1136 416 ἑτέρους
1150 377 1299 413 ἀπέχθειαν
1316 376 1440 412 νομίζειν
1456 377 1584 412 ἀφορμὴν
1600 377 1649 411 τῆς
1669 377 1740 413 πρὸς
1751 378 1817 408 τοὺς

1028 425 1137 462 ἐτέρους
1155 424 1273 455 πίστεως
1289 420 1371 449 εἶναι.
1386 423 1417 449 El
1435 422 1489 457 γὰρ
1506 421 1555 448 τοῦ
1571 422 1592 437 ⁸⁸
1609 422 1742 449 Πλάτωνα
1765 431 1818 449 κα-

1028 471 1076 497 κόν
1090 480 1117 497 τι
1131 471 1220 503 λέγειν
1240 468 1385 503 ἀφιέμενοι
1409 469 1465 500 τοῖς
1480 468 1594 504 ἀνδράσι
1617 468 1651 494 τὰ
1677 467 1817 503 πρέποντα

1028 514 1222 549 ἀπεδώκαμεν,
1239 515 1291 541 οὐκ
1305 513 1461 547 ἀδικοῦμεν,
1479 511 1557 548 οἶμαι
1571 523 1579 530 ο
1602 513 1689 539 ταῦτα
1701 513 1756 548 γὰρ
1771 514 1819 539 καὶ

1029 561 1156 587 πολιτικὰ
1168 561 1187 576 ¹¹
1204 562 1251 587 καὶ
1268 558 1428 593 ἀνθρώπινα
1458 559 1504 585 καὶ
1521 559 1592 590 Θεοῖς
1607 553 1762 594 ἀρέσκοντα
1787 559 1820 585 ἐκ

1029 606 1077 634 τοῦ
1090 606 1189 638 παντὸς
1204 606 1311 641 χρόνου.
1339 604 1438 630 Ἀλλ’¹¹
1466 605 1492 631 ετ
1510 604 1551 630 τοί
1580 613 1612 638 γε
1630 604 1733 638 φαῦλόν
1756 606 1818 639 γεή

1030 652 1170 688 τραγῳδία
1184 652 1232 678 καὶ
1249 651 1360 686 φαύλων
1385 650 1549 686 ἀνθρώπων,
1578 650 1637 681 πῶς
1665 658 1696 676 σε
1725 650 1821 685 φῶμεν

1031 697 1187 734 τραγῳδίαν
1205 698 1308 730 ποιεῖν;
1322 697 1352 722 οὑ
1366 695 1420 731 γὰρ
1434 696 1464 722 τό
1476 704 1508 730 γε
1524 695 1593 727 ὅλως
1608 695 1722 730 αἰσχρὸν
1740 695 1823 722 οὐδα-

1034 745 1093 780 μῶς
1104 744 1145 770 ενι
1161 744 1192 779 δή
1208 751 1259 769 που
1275 744 1388 777 ποιῆσαι
1403 742 1504 776 καλῶς.
1521 742 1576 768 Καὶ
1599 741 1690 776 λέγεις
1706 742 1757 776 μὲν
1784 742 1823 772 ὡς

1033 791 1063 817 οὐ
1079 790 1132 826 χρὴ
1147 788 1289 825 μιμεῖσθαι
1315 789 1379 820 τοὺς
1407 787 1526 822 φαύλους
1553 787 1642 814 οὑδ“¹³
1671 787 1824 822 ἀφομοιοῦν

1034 838 1090 868 τοῖς
1103 837 1221 871 χείροσιν
1233 834 1266 866 ’⁸,
1292 834 1373 866 αὑτὸς
1398 834 1420 861 δ’
1436 834 1466 860 οὐ
1493 834 1564 861 πάνυ
1582 834 1635 869 χρῇ
1664 833 1752 868 τούτῳ
1780 833 1824 859 διὰ

191 880 360 932 symachum,
379 897 458 924 quem
487 888 566 921 plane
590 885 773 919 impudentem
800 881 884 908 fuisse
898 881 982 912 aiunt,

1039 882 1236 932 :éM—ugLﬂih
1265 882 1335 916 μιμῇ
1364 880 1505 914 σοφιστὰς,
1540 881 1610 914 μιμῇ
1639 881 1822 913 συκοφάντας,

193 931 257 975 quia
280 943 417 971 nuttquam
440 933 550 961 erubuit
566 952 573 963 ,
589 931 732 965 ianitores,
751 936 848 964 pueros
873 931 984 954 cunctos

195 973 315 1014 liomines
329 982 394 1018 (98).
408 981 473 1011 Sed,
489 983 518 1005 ut
531 979 658 1009 arbitror,
668 975 789 1002 Griecutn
801 974 886 1005 illum,
896 973 983 1005 facile,

192 1032 353 1068 gratiosum,
369 1027 473 1054 varium
499 1032 531 1052 ac
547 1024 680 1054 divinum,
698 1022 768 1055 quod
787 1020 879 1047 adhtec
893 1019 984 1046 omnia

194 1067 221 1105 te
239 1076 323 1108 ducit,
342 1072 489 1108 ingenium,
507 1069 584 1096 fateri
610 1073 636 1095 te
660 1067 741 1102 cogit,
767 1067 862 1093 horum
878 1071 986 1099 quoque

194 1121 300 1156 singula
323 1125 401 1146 suum
419 1116 521 1143 habere
539 1121 616 1141 usum
639 1120 700 1139 cum
724 1116 845 1145 tempore
859 1115 885 1136 et
900 1109 986 1143 gratia

194 1155 381 1201 coniunctum.
407 1163 495 1196 Atque
523 1160 572 1187 hos
597 1165 693 1185 omnes
722 1155 852 1190 voluptati
878 1155 987 1181 studere

195 1213 323 1240 aﬂirtnas.
341 1209 438 1238 Utrum
461 1213 487 1234 te
510 1206 591 1241 igitur
618 1205 727 1236 minus,
751 1210 785 1229 an
809 1202 880 1237 plus,
907 1207 987 1235 quant

195 1261 301 1289 deceat.
326 1262 426 1292 ponere
442 1252 585 1281 dicemus?
600 1250 708 1278 Etenim
729 1248 859 1282 voluptati
881 1252 989 1280 quoque

196 1311 292 1341 poetas
307 1290 417 1330 studere
439 1298 570 1326 creditur.
593 1297 765 1330 Quapropter
782 1301 841 1321 cum
869 1293 895 1319 id
918 1290 989 1325 Quod

197 1337 378 1385 adjiciendum
398 1350 456 1373 erat
473 1343 559 1379 (994)
584 1342 684 1373 aufers,
702 1340 790 1367 minus
804 1346 884 1372 quam
901 1337 988 1366 decet.

199 1383 278 1423 dicis.
296 1393 363 1420 Cum
379 1395 468 1418 autern
485 1395 519 1416 ex
541 1395 575 1415 eo
595 1386 775 1413 adulationem
795 1383 853 1410 illis
869 1383 991 1416 impone-

200 1443 264 1475 bat,
281 1441 340 1475 plus
363 1439 483 1473 profecto
497 1441 578 1469 quam
605 1433 792 1467 requirebatur
808 1435 853 1457 tua
869 1428 991 1456 contine-

201 1488 247 1514 bat
270 1485 369 1513 oratio.
392 1482 504 1509 Poteras
527 1479 612 1512 enim,
637 1479 679 1505 vir
702 1476 840 1511 praeclare,
866 1473 946 1501 simul
964 1477 992 1499 et

199 1533 311 1567 juvenes
322 1530 355 1557 ad
373 1528 503 1562 justitiam
527 1524 688 1555 confortari,
705 1528 731 1550 et
746 1521 899 1549 senioribus
913 1525 991 1546 suum

203 1578 331 1604 tribuere.
347 1573 453 1600 Etenim
472 1577 500 1599 ut
517 1571 621 1599 laudari
639 1577 691 1596 non
708 1567 869 1603 potuissent,
886 1564 992 1591 silentio

203 1628 293 1650 tamen
307 1624 430 1656 poterant
444 1617 589 1654 prieteriri,
606 1621 693 1650 neque
708 1613 800 1640 fueras
814 1611 848 1638 ob
863 1618 921 1636 eam
936 1615 993 1635 rem

203 1669 337 1695 rationem
379 1672 432 1693 non
468 1663 613 1690 relaturum
644 1658 819 1687 accusandus.
854 1655 907 1682 Sed
940 1661 994 1681 non

206 1715 257 1741 ltoc
273 1712 390 1746 aliquem
407 1711 439 1738 ad
453 1708 666 1744 indignationem
682 1706 852 1732 commoveat
867 1701 995 1732 maxime,

158 1777 162 1780 ι
204 1759 278 1794 quod
295 1758 369 1786 Plato
383 1757 539 1784 Graecorum
559 1753 637 1780 facile
653 1752 790 1787 prinCcps,
801 1753 828 1776 et
841 1747 887 1782 qui
901 1746 997 1774 merito

205 1792 352 1840 plurimum
378 1803 428 1830 sibi
447 1802 558 1834 tribuat,
581 1796 767 1833 magnitudine
784 1794 898 1830 quadam
914 1797 941 1819 ct
957 1792 998 1819 iti-

206 1851 277 1886 genii
289 1850 413 1876 libertate
425 1847 556 1882 quosdam
571 1851 700 1872 accusare
714 1841 814 1874 voluit;
828 1840 875 1867 sed
888 1844 914 1865 et
927 1837 998 1874 quod

207 1896 326 1924 nonnulli
344 1895 441 1922 nullius
455 1894 533 1929 pretii
549 1892 682 1922 homines,
705 1889 755 1927 ltac
770 1886 913 1914 occasione
926 1890 1000 1911 sum-

208 1947 264 1977 pta,
279 1949 337 1969 rem
355 1941 380 1968 in
396 1928 622 1966 consuetudinem
636 1935 758 1965 trahunt,
773 1937 854 1965 atque
870 1930 951 1956 etiam
967 1928 1001 1954 de

210 1972 397 2018 bemostlieue,
408 1993 486 2020 quem
505 1990 553 2018 ego
563 1980 689 2009 Mercurii
703 1978 772 2015 (‘2-5)
789 1975 928 2010 cujusdam
944 1972 1001 2000 elo-

208 2034 318 2068 quentis
335 2033 394 2060 loco
417 2032 444 2058 in
463 2017 549 2057 terras
572 2026 691 2054 arbitror
716 2022 906 2053 descendisse,
933 2017 1001 2046 nihil

212 2086 263 2105 non
280 2078 379 2104 audent
400 2075 517 2103 effutire.
533 2073 600 2106 Quis
613 2078 680 2098 vero
700 2069 777 2096 vivos
794 2067 843 2094 hos
858 2066 938 2097 ferat,
955 2063 1002 2098 qui

211 2125 310 2159 sapius
330 2123 515 2150 soloecismum
542 2117 715 2147 committttnt
742 2117 822 2149 quam
845 2112 1003 2146 loquuntur,

211 2169 279 2196 alios
293 2171 481 2198 contemnunt,
494 2168 625 2200 quantum
642 2165 721 2190 erant
736 2159 786 2194 ipsi
802 2155 1003 2188 contemnendi,

1036 929 1108 963 μιμῇ
1133 926 1324 963 [ἀναίσχυντον
1335 927 1357 942 η
1387 926 1458 952 πάνυ
1475 925 1570 952 τοῦτόν
1601 923 1696 959 φασιν]
1714 924 1825 959 Θρασύ-

1037 981 1124 1013 μαχον
1138 972 1184 999 τὸν
1200 971 1373 998 οὐδεπώποτε
1385 971 1406 987 ¹⁸
1434 971 1646 1006 ἐρυθριάσαντα,
1672 970 1826 1005 θυρωροὺς,

1036 1019 1143 1052 παιδία,
1173 1019 1287 1054 μυρίους
1302 1019 1335 1045 ⁸⁷.
1375 1018 1446 1044 Ἀλλ’
1475 1015 1553 1052 οἶμαι
1579 1018 1610 1044 τὸ
1640 1017 1690 1052 τῆς
1718 1017 1828 1051 φύσεως

1044 1067 1202 1102 Ἑλληνικὸν
1219 1067 1267 1093 καὶ
1277 1066 1387 1092 εὕκολον
1404 1066 1450 1092 καὶ
1465 1065 1561 1100 εὔχαρι
1577 1065 1625 1091 καὶ
1643 1064 1766 1090 ποικίλον
1779 1065 1830 1091 καὶ

1039 1113 1121 1145 θεῖον,
1137 1113 1179 1147 ἐφ’
1196 1112 1306 1139 ἅπαντα
1321 1111 1407 1138 ταῦτα
1430 1111 1495 1145 ἄγον
1511 1119 1552 1143 σε,
1579 1111 1651 1136 ποιεῖ
1677 1110 1831 1145 μαρτυρεῖν
1888 1101 1890 1103 ’

1038 1160 1080 1186 ὅτι
1097 1158 1260 1185 καὶτούτων
1276 1158 1392 1184 ἑκάστου
1407 1157 1505 1192 χρῆσίς
1531 1158 1589 1183 ἐστι
1606 1156 1701 1191 καιρὸν
1729 1156 1831 1190 Εχουσα

1039 1205 1086 1231 καὶ
1099 1205 1179 1239 χάριν
1197 1203 1315 1239 ἐμμελῆ.
1334 1201 1399 1230 Εἶτα
1412 1203 1433 1219 ’⁸
1457 1203 1547 1237 λέγεις
1569 1202 1611 1228 ὃτι
1634 1201 1734 1233 πάντες
1757 1198 1832 1229 οὗτοι

1039 1248 1087 1275 τοῦ
1101 1250 1122 1265 ¹⁹
1134 1249 1202 1282 πρὸς
1219 1248 1314 1283 ἡδονὴν
1325 1247 1497 1283 ὲξήρτηνται.
1524 1246 1640 1281 Πότεριθ
1653 1244 1699 1272 οὖν
1717 1254 1747 1272 σε
1772 1246 1832 1280 φῶ-

1041 1302 1092 1329 μεν
1107 1292 1217 1319 ἔλαττον
1234 1291 1281 1319 τοῦ
1293 1292 1397 1324 δέοντος
1413 1291 1504 1324 λέγειν
1516 1291 1532 1326 ἢ
1549 1291 1646 1323 πλέον;
1658 1291 1699 1318 ὅτι
1711 1291 1762 1326 μὲν
1776 1290 1833 1326 γὰρ

1041 1339 1088 1366 καὶ
1106 1339 1152 1366 τοῦ
1168 1339 1235 1374 πρὸς
1249 1338 1347 1373 ήδονὴν
1358 1337 1546 1373 φροντίζουσιν
1556 1338 1580 1364 οἱ
1594 1337 1715 1372 ποιηταὶ.
1733 1337 1834 1371 ὁμολο-

1041 1386 1130 1419 γεῖται
1149 1392 1155 1398 ”
1181 1383 1247 1424 ὥσθ’
1271 1384 1333 1410 ὅσον
1357 1383 1516 1418 προσθεῖναι
1547 1383 1684 1417 προσῆκεν
1694 1382 1729 1415 “,
1758 1382 1834 1408 τοῦτ’

1041 1430 1149 1465 ἀφελὼν
1163 1430 1274 1456 ἔλαττον
1290 1430 1364 1465 παρὰ
1378 1429 1449 1456 τοῦτ’
1465 1429 1591 1463 εἴρηκας.
1607 1429 1668 1455 Ὀτι
1686 1428 1714 1454 δὲ
1740 1428 1836 1460 αὐτοῖς

1042 1476 1190 1504 κολακείαν
1208 1476 1383 1511 ὲπενηνόχεις
1400 1476 1433 1501 ὲκ
1458 1475 1554 1501 τούτου
1568 1476 1603 1506 ’³,
1630 1474 1690 1506 πῶς
1709 1474 1760 1501 οὐκ
1781 1475 1838 1508 ἔξω

1043 1522 1090 1549 τοῦ
1107 1522 1211 1553 δέοντος
1224 1521 1350 1556 εἴρηκας,
1367 1521 1383 1555 ἦ
1398 1520 1455 1551 πῶς
1466 1521 1495 1547 οὐ
1511 1519 1597 1555 ταύτῃ
1623 1520 1703 1546 πλέον
1727 1518 1762 1547 αὖ
1786 1520 1838 1546 τοῦ

1043 1569 1148 1600 δέοντός
1162 1568 1236 1595 ἐστιν
1250 1567 1318 1603 ἔχων
1328 1569 1342 1594 ὁ
1355 1567 1450 1601 λόγος;
1470 1566 1549 1601 Ἐξῆν
1560 1566 1583 1581 ’³
1597 1567 1661 1600 γὰρ,
1676 1562 1698 1592 ὦ
1715 1567 1839 1600 γενναῖε,

1044 1615 1169 1645 καὶτοὺς
1185 1614 1262 1645 νέους
1278 1613 1400 1643 δικαίους
1419 1611 1490 1639 εἶναι
1518 1612 1683 1647 προτρέπειν
1707 1611 1757 1638 καὶ
1778 1613 1842 1643 τοῖς

1046 1658 1242 1694 πρεσϐυτέροις
1263 1657 1297 1684 τὰ.
1320 1657 1463 1692 πρέποντα
1477 1655 1632 1683 ἀποδοῦναι.
1658 1656 1714 1682 Καὶ
1738 1655 1794 1690 γὰρ
1811 1656 1841 1681 εἰ

1048 1702 1131 1738 μηδὲν
1141 1702 1250 1736 είχομεν
1261 1701 1384 1728 ἐπαινεῖν
1400 1700 1508 1733 αὐτοὺς,
1526 1699 1584 1726 ἀλλ’
1603 1699 1667 1734 ἐξῆν
1693 1708 1725 1733 γε
1750 1699 1843 1734 δήπου

1048 1747 1136 1782 σιωπῇ
1146 1745 1301 1780 παρελθεῖν,
1309 1744 1357 1771 καὶ
1369 1745 1419 1771 οὑκ
1428 1744 1540 1779 ἔμελλες
1552 1744 1682 1778 ὀφλήσειν
1697 1743 1781 1779 [1512
1791 1742 1843 1779 IL]

1048 1791 1171 1825 ἀλογίου.
1187 1790 1270 1817 Ἀλλὰ
1282 1790 1336 1826 γὰρ
1352 1790 1402 1825 οὑχ
1419 1790 1459 1816 ὅτι
1470 1790 1493 1805 ’⁸
1504 1790 1616 1816 Πλάτων
1636 1790 1650 1816 ὁ
1665 1789 1720 1815 τῶν
1743 1789 1844 1823 Ἐλλήο

1049 1845 1102 1863 νων
1118 1835 1245 1862 τοσοῦτον
1255 1835 1419 1870 ὑπερφέρων
1447 1835 1494 1861 καὶ
1507 1834 1619 1866 δικαίως
1645 1834 1775 1868 μέγιστον
1796 1835 1844 1868 ἐφ’

1050 1880 1140 1916 ἑαυτῷ
1157 1881 1263 1916 φρονῶν
1277 1880 1467 1915 κατηγορῆσαί
1485 1888 1567 1906 τινων
1592 1879 1694 1914 ἠξίωσε
1728 1879 1844 1914 μεγέθει

1050 1927 1104 1954 τινὶ
1117 1927 1165 1953 καὶ
1178 1925 1287 1961 ἐξουσίᾳ
1304 1926 1421 1960 φύσεως,
1438 1924 1517 1951 τοῦτο
1532 1925 1580 1951 καὶ
1597 1923 1706 1960 μάλιστ’
1721 1924 1754 1950 ἄν
1763 1924 1787 1940 ’⁸
1797 1933 1846 1955 τις

1052 1972 1280 2007 ἀγανακτήσειεν,
1296 1971 1353 1999 ἀλλ’
1370 1972 1411 1998 ὅτι
1429 1970 1542 1997 καὶτῶν
1557 1970 1654 2005 κομιδῇ
1677 1978 1752 2000 τινες
1765 1969 1846 1996 οὐδε-

1052 2017 1097 2049 νδς
1113 2017 1196 2049 ἀξίων
1207 2017 1230 2033 ⁸⁵
1259 2017 1370 2051 ἀφορμῇ
1387 2016 1472 2051 ταύτῃ
1492 2015 1629 2050 χρώμενοι
1649 2014 1767 2050 μελέτην
1783 2014 1847 2049 Δ,ἤδη

1053 2063 1084 2090 τὺ
1097 2063 1214 2098 πρᾶγμα
1229 2062 1403 2097 πεποίηνται,
1419 2062 1466 2088 καὶ
1493 2060 1614 2096 τολμῶσι
1628 2061 1674 2087 καὶ
1697 2060 1762 2095 περὶ
1789 2061 1847 2095 Δη-

1056 2109 1204 2144 μοσθένους
1226 2108 1266 2143 (ὃν
1292 2107 1348 2142 ἐγὼ
1365 2108 1448 2143 φαίην
1465 2107 1498 2134 ἂν
1526 2106 1628 2141 Ἐρμοῦ
1657 2106 1730 2138 τινος
1753 2106 1847 2140 λογίου

1055 2154 1141 2182 τύπον
1166 2155 1206 2185 εἰς
1235 2153 1395 2189 ἀνθρώπους
1422 2152 1572 2187 κατελθεῖν)
1598 2152 1612 2178 ὃ
1629 2160 1657 2178 τι
1685 2151 1724 2181 ἂν,
1743 2151 1848 2187 τύχωσι

213 2214 241 2242 in
267 2219 380 2241 cancros
408 2211 569 2245 anquirunt,
591 2208 618 2235 in
644 2213 673 2233 se
696 2209 849 2238 nunquam;
877 2200 987 2228 virtuth

1039 2221 1043 2239 υ
1058 2200 1239 2236 βλασφημεῖν.
1252 2200 1349 2226 Καίτοι
1363 2199 1406 2231 τῖς
1418 2199 1451 2225 ἂν
1468 2198 1506 2228 είς
1519 2197 1623 2230 ζῶντας
1638 2196 1724 2224 τελῶν
1743 2198 1849 2223 τούτων

213 2261 363 2294 extollunt,
387 2267 440 2287 non
464 2261 608 2288 exercent;
636 2253 696 2288 vagi
723 2250 927 2279 obambulant:
950 2248 986 2275 uit

1057 2246 1217 2281 ἀνάσχοιτος
1230 2245 1255 2271 οἳ
1268 2244 1353 2271 πλείω
1369 2245 1418 2279 μὲν
1432 2243 1626 2275 σολοικίζουσιν
1640 2242 1655 2278 ἢ
1669 2242 1848 2276 φθέγγονται,

214 2288 363 2336 haud";
379 2310 514 2333 carentum
523 2302 581 2338 (t);
597 2299 706 2328 Hesiodi
716 2298 779 2330 fuci,
797 2295 952 2324 Archilochi
968 2294 987 2322 si

1058 2292 1214 2328 ὑπερορῶσι
1228 2291 1258 2318 δὲ
1277 2291 1332 2318 τῶν
1358 2290 1446 2318 ἄλλων
1466 2291 1528 2317 ὅσον
1547 2290 1638 2320 αὑτοῖς
1659 2288 1850 2324 ὑπερορᾶσθαι

217 2354 288 2386 ιιιίαξ,
305 2352 410 2380 duabus
424 2349 520 2378 formis
535 2355 585 2383 pro
603 2346 689 2373 tribus
703 2351 792 2372 vacca:
808 2342 916 2377 tragicae
936 2348 987 2376 pra

1058 2339 1203 2374 προσήκει.
1217 2337 1273 2363 Καὶ
1289 2336 1351 2368 τοὺς
1360 2336 1382 2352 ’τ
1400 2336 1450 2371 μὲν
1473 2335 1571 2367 ἄλλους
1588 2334 1774 2368 ἐξετάζουσιν,
1803 2334 1850 2361 αὑ-

217 2380 345 2429 (Ιίιί.”ουἰ
359 2403 421 2423 cum
437 2402 466 2422 se
481 2380 544 2422 Jovi
557 2395 655 2426 negent
669 2390 777 2420 cedere,
791 2387 904 2422 pecunia
920 2389 987 2413 tanti

1058 2384 1121 2415 τοὺς
1135 2383 1204 2410 δὲού
1220 2382 1332 2410 πώποτε
1349 2382 1471 2417 ἠξίωσαν
1481 2383 1514 2408 ’⁸.
1532 2381 1588 2408 Καὶ
1612 2380 1778 2416 σεμνύνουσι
1799 2380 1850 2414 μὲν

218 2451 282 2479 pere
298 2443 456 2474 vincuntur,
471 2443 499 2467 et
515 2437 575 2465 aliis
590 2435 774 2464 couvitiantur
788 2441 795 2460 :
810 2439 863 2460 non
877 2431 948 2466 quod
967 2439 987 2458 ιι(

1060 2430 1111 2465 τὴν
1125 2429 1238 2465 ἀρετὴν,
1251 2429 1365 2456 ἀσκοῦσι
1379 2428 1401 2455 δ’
1426 2427 1468 2461 οὓ,
1496 2428 1689 2462 περιέρχονται
1710 2426 1741 2453 δὲ
1763 2426 1853 2457 ἄλλως

867 2501 987 2530 νΑιιιιΕ
1004 2500 1206 2529 LECTIONES.

256 2569 304 2619 ‘65
324 2566 501 2619 1:1’5"§:t|§'.
530 2564 617 2619 ἔργὰρ
638 2570 693 2590 om.
728 2561 761 2588 Α.
801 2558 812 2575 ⁸
828 2559 858 2585 οὑ
868 2557 919 2593 δεῖ]
933 2566 960 2593 p.
990 2557 1052 2585 486.
1091 2557 1102 2573 ‘
1117 2557 1180 2588 τοὺς
1193 2563 1247 2584 om.
1274 2556 1308 2583 Α.
1327 2555 1349 2572 ¹⁰
1366 2553 1413 2581 τοῦ
1428 2553 1450 2580 Δ
1467 2561 1475 2579 :
1492 2553 1536 2579 τὸν
1556 2561 1586 2584 ς.
1628 2551 1648 2567 ¹¹
1660 2552 1706 2578 καὶ
1724 2551 1854 2578 πολιτιιὲ

256 2613 263 2619 .
487 2609 502 2619 η
573 2602 581 2619 ι
622 2599 644 2616 ιι
657 2597 722 2619 οὐδ’,
754 2596 776 2611 ’δ
787 2594 908 2619 γείοοσιν
924 2601 978 2619 om.
997 2595 1029 2619 Λ.
1060 2593 1081 2608 ¹¹
1094 2592 1200 2619 tivam.
1216 2599 1245 2617 π.
1258 2599 1283 2618 τ.
1301 2598 1383 2619 φασιν
1395 2598 1450 2616 om.
1462 2590 1494 2616 Α.
1520 2588 1541 2604 ³⁸
1556 2587 1684 2613 οὐδέποτε
1702 2587 1736 2614 Α.
1771 2588 1791 2602 "
1803 2596 1854 2619 μυ-

219 2587 318 2634 οῐη-ᾜ.
330 2587 513 2638 ’ῚῖἀῇίῖΓῂ
529 2587 615 2627 δεξί’
622 2587 776 2624 ιῖδΰὲνξλδ
787 2587 978 2633 χείροσινᾟηι.
997 2595 1029 2619 Λ.
1060 2593 1081 2608 ¹¹
1094 2587 1200 2626 ἀναίσχ.
1216 2599 1245 2617 π.
1258 2599 1283 2618 τ.
1301 2598 1383 2626 φασιν
1395 2598 1450 2616 om.
1462 2590 1494 2616 Α.
1520 2588 1541 2604 ³⁸
1556 2587 1684 2613 οὐδέποτε
1702 2587 1736 2614 Α.
1771 2588 1791 2602 "
1803 2596 1855 2621 μυο

227 2641 295 2652 ιιι.-
326 2638 417 2652 --.εμ
429 2645 448 2652 .-
494 2636 515 2652 ιε
526 2634 595 2652 ειρηι
610 2642 626 2652 η
660 2632 721 2652 aut,
763 2631 785 2647 ιι
798 2637 845 2652 του
859 2636 915 2652 om-
929 2628 962 2652 A.
997 2628 1020 2643 ιο
1032 2627 1147 2652 πότερον
1163 2629 1195 2652 Α.
1230 2627 1251 2641 ²¹
1267 2623 1417 2652 προσῆκεν]
1444 2623 1512 2652 πρὸς
1538 2623 1572 2651 Α.
1604 2623 1627 2637 ¹²
1639 2622 1735 2648 τούτου
1751 2621 1800 2648 τοῦ
1820 2622 1853 2650 Δ.

221 2622 462 2681 gaianas???
487 2622 515 2652 ’ἦ
660 2622 722 2660 191:
763 2622 845 2656 “7:05
859 2636 915 2656 om.
929 2628 962 2654 A.
997 2628 1020 2643 ¹⁰
1032 2627 1147 2661 πότερον
1163 2622 1195 2652 Au.
1230 2627 1251 2641 ¹¹
1267 2622 1417 2661 προσῆκεν]
1444 2623 1512 2658 πρὸς
1538 2623 1572 2651 Α.
1604 2623 1627 2637 ¹²
1639 2622 1735 2648 τούτου
1751 2622 1800 2648 τοῦ
1820 2622 1853 2650 Δ,

227 2677 250 2693 ⁸⁸
262 2675 340 2712 ὲξηνὶ
355 2682 383 2708 p.
395 2673 457 2700 5l0.
497 2671 521 2686 “
536 2671 586 2705 οὺχ
603 2667 656 2704 οτι]
670 2667 731 2703 οὐχὶ
745 2666 778 2693 Δ.
817 2664 840 2680 ⁸⁸
857 2664 889 2691 ἂν
903 2671 958 2692 om.
973 2663 1006 2691 Α.
1040 2662 1062 2678 ¹⁶
1079 2662 1162 2695 ἀξίων
1177 2660 1283 2693 οὐδενὸς
1302 2668 1333 2692 ς.
1364 2659 1385 2675 ’⁷
1402 2659 1449 2685 καὶ
1461 2658 1536 2689 τούς.
1573 2658 1596 2674 ³⁸
1611 2657 1730 2691 ἠξίωσαν
1747 2664 1802 2683 om.
1820 2656 1843 2682 Δ

970 2732 1084 2761 NOTAE.

223 2788 316 2852 διέθΞέ
333 2788 457 2816 Audaces
481 2785 514 2813 ad
539 2783 609 2813 ostia
631 2782 774 2818 ponimus,
792 2785 822 2807 ut
849 2779 941 2806 ﬁdeles
962 2785 1013 2806 cu-

258 2849 348 2894 Min
362 2856 511 2894 Oportebat
525 2854 598 2884 enim
613 2852 731 2889 adjicere
743 2849 914 2880 sectantibus.

1102 2777 1174 2840 (2-32
1189 2777 1338 2817 Mercurius
1353 2776 1423 2804 alter
1437 2774 1571 2811 proverbii
1584 2773 1674 2808 specie
1690 2779 1767 2807 supr.
1776 2770 1847 2799 Pliot

1103 2813 1140 2840 t4)
1170 2811 1326 2840 lom.lltad.
1343 2811 1374 2840 ψ.

1103 2811 1140 2848 (4)
1159 2811 1238 2841 llom.
1251 2811 1326 2840 Iliad.
1343 2811 1374 2847 ψ.
