1923 3093
114 163 184 197 1577

635 163 899 198 BIBLIOTHECA.
915 179 950 186 —
964 166 1046 199 COD.
1060 168 1239 200 CCXLVIII.

1677 171 1748 206 1573

114 219 219 257 βροντῶν
233 218 331 247 εἴδωλα
346 219 500 256 καμόντων,
523 218 645 248 Ἡσιόδου
659 222 791 258 κηφῆνες,
813 223 906 259 Ἄρχι-

960 223 1031 260 ipsas
1050 225 1268 258 condemnarint,
1283 225 1330 254 sed
1344 225 1406 261 quia
1423 234 1484 255 cum
1497 227 1574 263 paria
1591 228 1682 257 facere
1694 237 1748 259 non

113 264 193 300 λόχου
229 263 354 300 πίθηκοι,
381 264 428 292 δύο
460 264 568 300 μορφὰς
597 265 703 302 ἔχοντες
732 267 793 294 ἀντὶ
818 267 904 303 τριῶν

112 309 164 345 τῆς
171 309 308 344 τραγικῆς
320 308 392 344 βοός.
407 309 440 336 O'l
454 310 501 336 τοῦ
516 310 565 346 μὲν
587 311 649 343 Διὸς
665 310 725 347 [7H
748 312 782 339 Η.
795 312 804 348 j
828 311 904 339 οὐδὲν

113 355 221 391 χείρους
235 356 317 390 φασὶν
331 354 413 389 εἷναι,
426 356 474 383 τοῦ
485 357 513 384 δὲ
530 357 625 384 όὸολοῦ
650 358 778 385 τοσοῦτον
798 359 903 395 ἡττῶν-

113 410 175 429 ται·
190 402 353 434 ὀνειδίζουσι
363 402 392 430 δὲ
406 404 464 435 τοῖς
476 403 568 436 ἀλλοις
577 404 611 437 ",
620 405 651 430 οὺ
663 404 718 431 τῶν
732 405 904 441 πραγμάτων

113 448 330 482 κατεγνωκότες,
362 448 432 476 ἀλλὰ
460 449 621 483 φθονοῦντες
648 451 689 477 ὅτι
715 451 791 478 αὐτοὶ
818 452 904 479 ταῦτα

113 494 245 530 πράττειν
254 493 278 510 ³ο
290 494 321 520 οὐ
336 495 476 522 δύνανται.
490 496 521 522 El
533 495 562 522 δέ
581 504 624 527 τις
647 496 738 523 αὐτῶν
762 496 828 530 περὶ
854 498 905 533 τῆς

113 539 280 575 ἐγκρατείας
305 540 508 575 διαλεγομένων
541 542 696 578 ἀπαντικρὺ
723 543 804 578 σταίη
835 543 905 579 έχων

113 585 251 620 ἔνθρυπτα
265 587 313 623 καὶ
331 587 495 622 στρεπτοὺς,
511 587 674 615 ἐκϐάλλουσι
702 587 753 624 τὴν
781 588 904 623 γλῶτταν

113 631 209 666 ὥσπερ
223 632 392 664 όΜενέλεως
416 633 448 659 τδ
473 633 561 668 ξίφος.
588 634 680 669 Αὐτὴν
711 634 762 669 μὲν
778 634 833 670 γὰρ
856 634 906 661 ἐὰν

114 677 191 704 ῐδωσι
206 678 257 713 τὴν
271 678 394 714 Ἑλένην,
422 679 533 715 Ἑλένην
551 679 640 714 λέγωί
666 680 836 716 θεράπαιναν
856 681 906 716 μὲν

113 721 160 751 οὖν
189 723 284 751 ὁποίαν
310 724 423 759 ἐποίησε
449 725 604 760 Μένανδρος
627 725 677 761 τὴν
705 726 837 762 Φρυγίαν,
867 727 906 762 τῷ

113 769 170 796 ὄντι
179 769 291 796 παιδιὰν
307 770 491 805 ἀποφαίνουσι
506 771 570 804 τοὺς
594 772 733 807 Σατύρους
749 772 797 799 τοῦ
821 773 907 807 Σοφο-

113 813 218 846 κλέους.
243 814 275 841 Οἳ
284 815 306 831 ³¹
331 815 370 850 τῷ
387 815 437 851 μὲν
463 816 628 852 ἀποστερεῖν
657 818 798 844 κοινωνεῖν
820 816 907 853 ὄνομα

112 859 245 893 τίθενται,
265 859 305 896 τῷ
320 861 349 888 δὲ
373 861 482 896 φθονεῖν
504 863 672 897 φιλοσοφεῖν,
691 862 731 899 τῷ
751 863 775 889 δ’
793 863 908 899 ἀπορεῖν

113 906 253 942 ὑπερορᾷν
265 907 427 942 χρημάτων.
444 908 692 944 Ἐπαγγελλόμενοι
706 908 736 936 δὲ
752 908 906 945 φιλανθρω-

114 952 180 979 πίαν
192 952 301 989 ὤνησαν
316 954 366 990 μὲν
376 954 473 981 οὐδένα
484 954 606 988 πώποτε,
617 955 802 991 ὲπηρεάξουσι
811 955 841 982 δὲ
849 956 905 988 τοῖς

113 999 279 1038 χρωμένοις.
309 1001 366 1027 Καὶ
382 1000 446 1032 τοὺς
466 1001 516 1036 μὲν
540 1000 637 1033 ἄλλους
654 1000 709 1027 οὐδ’
726 1001 906 1033 ἀπαντῶντας

112 1048 209 1085 ὁρῶσι,
234 1048 289 1076 τῶν
300 1046 328 1076 δὲ
344 1046 480 1075 πλουσίων
507 1046 589 1075 ἓνεκα
617 1048 657 1079 εἰς
677 1046 726 1083 τὴν
755 1047 906 1083 ὑπεροριάν

113 1093 290 1129 ἀπαίρουσιν,
304 1093 399 1130 ὥσπερ
416 1093 441 1120 οι
462 1092 568 1128 Φρύγες
596 1093 620 1120 οι
634 1091 689 1120 τῶν
709 1091 807 1119 ἐλαιῶν
825 1091 907 1118 ἕνεκα

112 1138 163 1173 τῆς
176 1139 321 1174 συλλογῆς,
334 1139 358 1166 οἳ
369 1140 416 1166 καὶ
425 1139 449 1155 ⁸¹
461 1138 715 1175 προσιόντωνεύθὺς
724 1137 864 1173 ὤσφροντο
872 1137 905 1164 ³³.

114 1181 193 1211 οὗτοι
206 1184 228 1200 ³⁸
248 1185 302 1220 γάρ
310 1185 332 1201 ³³
349 1185 420 1212 εἰσιν
432 1185 456 1211 oi
474 1184 525 1220 τὴν
541 1185 588 1220 μὲν
614 1184 806 1220 ἀναισχυντίαν
829 1183 906 1210 ὲλευ·

114 1229 209 1266 Θερίαν
226 1230 394 1266 νομίζοντες,
420 1230 451 1257 τὸ
473 1229 497 1257 δ’
516 1229 719 1265 ἀπεχθάνεσθαι
748 1230 906 1265 παρρησιά-

115 1275 220 1307 ζεσθαι,
243 1277 275 1302 τὸ
298 1275 327 1302 δὲ
351 1276 505 1311 λαμῦάνειν
536 1275 820 1310 φιλανθρωπεύεσθαι.
860 1275 907 1306 Et;

113 1321 187 1349 τοῦθ’
200 1321 224 1337 ³⁸
239 1321 338 1357 ἥκουσι
358 1322 409 1356 τῆς
421 1321 444 1337 "
465 1321 572 1356 σοφίας,
596 1321 666 1348 ὥστε
679 1320 811 1356 ἀργύριον
825 1321 876 1355 μὲν
886 1321 908 1337 ³⁵

115 1367 147 1393 οὐ
176 1368 352 1403 πράττονται,
380 1368 515 1404 ἀργυρίου
525 1368 548 1384 ³⁸
571 1367 631 1394 δ’⁸⁰
649 1367 732 1399 ἀξίως
757 1367 907 1402 λαμϐάνειν

115 1413 287 1441 ἐπίστανται.
307 1413 368 1441 Κᾶν
383 1415 432 1450 μέν
440 1423 472 1449 γε
488 1413 558 1450 τύχῃ
575 1422 618 1445 τις
643 1413 755 1440 ἔλαττον
785 1414 907 1449 πέμψας,

116 1459 260 1494 ἐνέμειναν
274 1459 314 1494 τῷ
327 1459 461 1494 δόγματιγ
475 1459 508 1487 ἂν
519 1460 547 1486 δὲ
561 1459 706 1496 ἁδρότερον
718 1459 749 1486 τὸ
759 1459 780 1475 δ’
797 1459 909 1486 σακκίον

80 1534 83 1538 ,
115 1505 207 1537 αὐτοῖς
220 1505 242 1521 δ’
253 1507 336 1542 φανῇ,
349 1506 470 1541 Γοργόνα
485 1506 608 1541 Περσεὺς
622 1505 798 1540 ἐχειρώσατο.
814 1506 876 1537 Τοῖς
886 1506 908 1522 ⁸⁸

116 1553 146 1578 ἐν
160 1552 328 1587 Παλαιστίνῃ
341 1551 484 1578 δυσσεὸἐσι
503 1551 684 1586 παραπλήσια
699 1551 761 1583 τοὺς
777 1551 906 1586 τρόπους.

116 1598 173 1624 Καὶ
187 1598 242 1634 γὰρ
260 1598 376 1630 ἐκείνοις
392 1597 465 1624 τοῦτ’
487 1597 546 1624 ἐστι
576 1597 710 1633 σύμὸολον
737 1597 787 1632 τῆς
812 1597 908 1623 δυσσε-

117 1643 204 1675 ϐείας,
221 1644 263 1670 ὅτι
289 1643 352 1674 τοὺς
378 1642 520 1678 κρείττους
538 1642 568 1668 οὐ
586 1641 744 1677 νομίζουσι·
763 1642 811 1668 καὶ
835 1638 909 1669 οὗτοι

115 1689 218 1724 τρόπον
235 1688 297 1716 τινά
309 1689 444 1723 ἀφεστᾶσι
459 1689 513 1715 τῶν
537 1688 682 1725 Ἑλλήνων,
700 1687 800 1724 μᾶλλον
815 1688 843 1716 δὲ
863 1688 910 1715 καὶ

117 1734 227 1762 πάντων
238 1734 292 1761 τῶν
309 1734 472 1770 κρειττόνων
481 1733 514 1767 ⁸⁸,
527 1734 562 1761 τὰ
579 1735 628 1770 μὲν
653 1734 721 1762 ἄλλα
745 1733 911 1769 ἀφωνότεροι

117 1781 168 1816 τῆς
187 1781 267 1812 σκιᾶς
281 1781 331 1816 τῆς
358 1781 475 1814 ἑαυτῶν,
492 1781 603 1808 ἐπειδὰν
630 1780 659 1807 δέ
689 1789 765 1813 τινας
794 1780 910 1807 είπεῖν⁸¹

119 1825 212 1857 κακῶς
231 1826 279 1862 δέῃ
291 1825 527 1864 καὶδιαᾷαλεῖνδθ,
545 1825 585 1862 τῷ
609 1825 759 1860 Δωδωναίῳ
787 1825 837 1860 μὲν
861 1825 912 1852 οὐκ

119 1871 152 1898 ἂν
163 1872 288 1904 εἰκάσαις
305 1872 404 1903 αὐτοὺς
420 1871 540 1907 χαλκείῳ
553 1880 559 1887 ·
579 1872 616 1907 μὴ
631 1871 697 1907 γὰρ,
716 1868 738 1898 ὦ
763 1871 832 1898 Ζεῦί
850 1872 911 1903 ταῖς

117 1917 146 1946 δὲ
159 1918 255 1953 ὲμπίσι
269 1919 330 1950 ταῖς
344 1919 374 1945 ὲν
391 1917 432 1954 τῷ
458 1917 547 1954 σκότῳ
575 1917 750 1953 βομῦούσαις.
769 1916 913 1951 Συγκατα-

120 1965 224 2000 πρᾶξαι
241 1965 291 2000 μέν
303 1974 332 1991 τι
360 1964 415 1991 τῶν
449 1964 563 1991 δεόντων
587 1964 716 1991 ἁπάντων
732 1963 754 1979 ⁵⁷
776 1963 912 1999 ἀχρηστό-

118 2020 206 2043 τατοι,
219 2011 341 2047 διορύξαι
354 2011 382 2037 δὲ
393 2011 482 2037 οἰκίαν
493 2010 673 2046 καὶταράξαι,
686 2009 734 2036 καλ¹
745 2009 913 2046 συγκροῦσαι

119 2057 181 2088 τοὺς
194 2056 268 2083 ἕνδον
288 2056 357 2092 πρὸς
372 2056 519 2091 ἀλλήλους,
535 2055 583 2082 καὶ
602 2055 688 2090 φῆσαι
707 2054 786 2081 πάντ’
814 2053 914 2086 αὐτοὺς

119 2103 279 2139 διοικήσειν,
298 2103 408 2131 πάντων
437 2101 596 2129 δεινότατοι.
629 2100 802 2132 Καταδῦντες
830 2099 858 2126 δὲ
873 2100 914 2131 εις

119 2149 182 2181 τοὺς
199 2150 343 2186 χηραμοὺς
357 2150 416 2176 ἐκεῖ
431 2149 466 2176 τὰ
481 2148 626 2184 Θαυμαστὰ
655 2147 821 2182 σοφίζονται,
850 2147 914 2182 σκιᾷ

120 2205 174 2223 τινι
200 2195 291 2230 λόγοις
317 2195 505 2226 ἀνασπῶντες,
528 2195 581 2229 ἔφη
606 2193 654 2221 6⁸⁸
684 2193 833 2228 Σοφοκλῆς,
868 2192 914 2219 τὸν

953 271 1078 306 possint,
1103 271 1236 300 invident.
1265 271 1342 305 Quod
1367 273 1390 300 si
1420 272 1521 309 ᾔδεα
1542 274 1605 309 quis
1627 275 1694 310 ipsis
1716 277 1750 304 de

954 316 1124 344 continentia
1151 317 1353 351 disputantibus
1377 318 1518 353 oppositus
1544 318 1684 353 placentas
1710 320 1750 356 (5)

954 362 1079 390 ostendat
1103 366 1130 390 et
1154 363 1281 396 monilia,
1310 363 1429 399 linguam
1460 364 1616 398 demiuunt,
1642 370 1674 393 ut
1701 373 1750 394 en-

954 415 1011 435 sem
1037 407 1176 436 Menelaus
1207 407 1258 445 (6).
1282 408 1350 436 Nam
1376 410 1398 438 si
1423 400 1552 438 Helenam
1575 411 1685 439 videant
1711 412 1751 446 ip-

955 461 1029 487 sam,
1060 454 1192 482 Helenam
1219 455 1328 482 autem!
1360 456 1383 484 si
1416 455 1459 483 vel
1487 457 1614 484 ancillam
1642 457 1750 493 qualem

955 499 1033 527 ﬁnxit
1057 499 1205 528 Menander
1223 501 1381 537 Phrygiam,
1410 502 1552 537 Sophoclis
1571 508 1679 538 satyros
1704 511 1749 531 re-

955 553 1019 573 vera
1042 553 1090 581 pro
1111 546 1215 575 ludicro
1242 552 1339 575 curant
1363 547 1469 576 haberi.
1497 547 1548 582 Qui
1568 550 1750 584 privationem

955 596 1055 619 vocant
1083 592 1302 620 communionem
1332 592 1388 628 (7);
1416 593 1544 620 invidiam
1573 598 1666 621 autem
1689 594 1750 628 phi-

955 637 1126 673 losophiam,
1164 642 1192 665 et
1229 638 1349 673 inopiam
1388 638 1509 673 pecunia:
1551 643 1748 674 contemptum.

955 683 1023 711 Cum
1064 687 1155 710 autem
1192 684 1388 712 humanitatem
1429 684 1627 719 proﬁteantur,
1661 685 1751 712 nemi-

957 735 1017 755 nem
1039 728 1167 763 juverunt
1182 736 1312 763 unquam,
1334 733 1363 757 et
1385 729 1431 764 qui
1449 729 1533 757 voluit
1556 729 1624 764 ipsis
1638 730 1688 762 uti.
1703 736 1750 757 eos

958 771 1097 801 infestant.
1123 773 1158 801 Et
1179 773 1248 801 alios
1270 774 1380 809 quidem
1407 774 1453 802 vix
1477 779 1654 803 occurrentes
1678 775 1751 810 aspi-

957 818 1042 852 ciunt,
1060 818 1172 846 divitum
1197 823 1286 847 autem
1303 820 1390 855 gratia
1417 820 1451 847 ad
1470 820 1538 848 lines
1561 821 1680 857 regionis
1702 828 1751 849 oc-

958 868 1082 897 currunt.
1098 865 1326 899 quemadmodum
1340 865 1462 902 Prhyges
1478 871 1591 902 propter
1604 867 1688 896 oleas.
1702 867 1746 894 Et-

960 909 1032 936 enim
1049 909 1076 937 hi
1090 914 1164 944 sunt,
1181 911 1229 946 qui
1246 911 1441 946 impudentiam
1455 917 1484 939 et
1504 911 1636 940 oﬂ‘ensam
1656 917 1752 947 putant

960 961 1021 982 esse
1035 954 1201 988 libertatem,
1213 955 1410 984 humanitatem
1425 955 1453 983 in
1468 955 1626 988 accipiendo
1636 960 1750 990 ponunt.

960 999 1048 1034 Quid?
1061 1001 1132 1035 quod
1150 1001 1184 1028 ad
1203 1008 1263 1028 eam
1288 1000 1450 1036 sapientiam
1463 1005 1646 1036 pervenerunt
1659 1003 1689 1027 ut
1703 1006 1752 1034 pe-

960 1046 1068 1074 cuniam
1092 1053 1148 1073 non
1168 1045 1289 1081 exigant,
1305 1046 1377 1081 quod
1398 1049 1489 1074 autem
1504 1045 1648 1081 pecuniam
1669 1045 1750 1078 valet,

961 1091 1085 1126 accipere
1102 1090 1204 1124 norint,
1219 1091 1247 1118 in
1269 1091 1404 1119 sententia
1425 1095 1599 1126 perseverent
1614 1101 1621 1119 :
1638 1091 1679 1118 sin
1694 1094 1753 1118 tur-

961 1136 1048 1171 gidior
1064 1136 1101 1164 sit
1121 1135 1233 1165 edectus
1252 1137 1376 1165 sacculus
1392 1137 1547 1173 Gorgonem
1563 1138 1666 1173 ceperit
1686 1136 1753 1165 Per-

960 1189 1033 1210 seus.
1052 1181 1109 1210 Non
1126 1182 1207 1210 alieni
1231 1183 1265 1210 ab
1280 1178 1425 1217 impio'rum
1438 1183 1646 1210 Palaestinorum
1668 1182 1752 1210 mori-

960 1227 1021 1254 bus.
1036 1225 1104 1254 Nam
1116 1232 1144 1255 et
1157 1227 1194 1254 illi
1211 1227 1262 1255 hoc
1276 1227 1378 1255 habent
1390 1227 1535 1262 impietatis
1549 1227 1666 1262 signum,
1680 1227 1753 1262 quod

961 1273 1025 1300 deos
1038 1280 1100 1300 esse
1111 1281 1166 1300 non
1181 1277 1286 1308 putent,
1299 1278 1380 1308 atque
1392 1272 1420 1300 hi
1434 1281 1449 1300 a
1463 1272 1575 1307 Graecis,
1591 1278 1673 1308 atque
1685 1273 1753 1300 adeo

960 1319 1040 1346 bouis
1061 1318 1187 1346 omnibus
1212 1318 1411 1353 quodammodo
1435 1319 1613 1352 dissentiunt,
1634 1319 1660 1346 in
1688 1319 1754 1346 reli-

961 1363 1022 1399 quis
1048 1363 1157 1397 quidem
1181 1363 1262 1391 rebus
1284 1363 1378 1390 umbra
1402 1370 1451 1390 sua
1475 1363 1564 1397 magis
1588 1362 1754 1390 muti:cum

963 1414 1052 1436 autem
1069 1408 1167 1443 aliquis
1179 1407 1366 1435 criminandus
1388 1412 1416 1435 et
1428 1407 1633 1435 caiumniandus
1643 1411 1696 1440 est.
1709 1407 1755 1434 vix

962 1456 1008 1482 arri
1026 1454 1176 1487 Dodonaeo,
1193 1462 1288 1482 verum
1312 1453 1442 1482 culicibus
1465 1453 1555 1489 potius
1584 1454 1611 1480 in
1635 1453 1755 1482 tenebris

962 1501 1195 1536 perstrepentibus
1212 1500 1380 1533 conferendi,
1396 1501 1428 1527 ad
1450 1508 1507 1528 rem
1524 1500 1642 1527 maxime
1663 1507 1756 1527 neces—

963 1550 1062 1576 sariam
1087 1549 1266 1584 peragendam
1283 1548 1402 1576 maxime
1421 1548 1540 1582 inutiles,
1557 1548 1592 1575 ad
1609 1548 1681 1575 aedes
1694 1555 1756 1583 per-

962 1596 1100 1631 forandas,
1111 1603 1138 1625 et
1153 1598 1351 1634 perturbandos
1365 1601 1446 1633 atque
1461 1598 1530 1626 inter
1541 1605 1571 1625 se
1582 1598 1756 1625 committen-

960 1644 1011 1672 dos
1037 1644 1213 1676 domesticos,
1231 1650 1393 1678 omnemque
1416 1642 1681 1670 administrationem
1702 1642 1756 1669 sibi

961 1689 1156 1724 arrogandam,
1179 1689 1301 1717 omnium
1332 1688 1477 1724 aptissimi.
1509 1688 1562 1716 Sed
1587 1688 1614 1716 in
1643 1687 1756 1715 latibula

962 1736 1096 1764 submersi
1129 1735 1252 1762 miranda
1277 1735 1400 1770 quaedam
1432 1734 1692 1766 comminiscuntur,
1721 1735 1756 1760 ad

963 1782 1088 1810 umbram
1104 1781 1200 1809 nescio
1215 1788 1295 1816 quam
1314 1782 1395 1808 verba
1413 1785 1579 1814 eructantes,
1596 1780 1683 1815 inquit
1705 1778 1757 1806 So-

963 1828 1084 1864 phocles,
1104 1827 1275 1856 anthericum
1297 1831 1441 1860 metentes,
1456 1827 1603 1854 funiculum
1626 1826 1654 1854 in
1672 1833 1757 1852 arena

965 1874 1117 1907 nectentes,
1133 1874 1213 1901 telam
1233 1873 1326 1901 nescio
1342 1880 1423 1908 quam
1439 1876 1601 1901 retexentes.
1618 1871 1756 1905 Quantum

963 1921 1037 1948 enim
1050 1921 1076 1948 in
1087 1919 1220 1955 sapientia
1230 1920 1560 1955 proliciunt,tantumdem
1570 1918 1696 1946 amittunt
1705 1917 1757 1953 (8),

965 1973 1129 2002 magnopere
1144 1966 1195 1994 sibi
1213 1966 1360 2001 placentes,
1374 1974 1436 1993 cum
1454 1965 1596 1992 rhetorica:
1610 1964 1758 1992 maledixe--

964 2014 1030 2047 rint,
1052 2014 1131 2049 quasi
1151 2020 1206 2041 non
1220 2013 1302 2040 etiam
1319 2013 1413 2040 famuli
1429 2012 1527 2049 4381)
1542 2019 1623 2047 ειειιε,
1638 2019 1670 2039 ac
1686 2019 1758 2046 pra:-

965 2060 1058 2088 sertim
1072 2060 1220 2095 magism»,
1236 2059 1361 2086 dominos
1379 2059 1449 2086 intra
1466 2059 1559 2086 dentes
1571 2063 1757 2086 exsecrentur.

965 2105 1119 2138 Quinetiam
1131 2109 1238 2141 satyrus
1251 2103 1289 2139 (9)
1301 2104 1412 2138 quidam
1427 2103 1551 2131 scenicus
1563 2103 1628 2131 olim
1638 2108 1681 2131 est
1692 2102 1761 2130 Her-

965 2150 1018 2178 culi
1034 2150 1210 2185 imprecatus,
1227 2149 1260 2176 ad
1277 2148 1356 2184 cujus
1375 2148 1523 2175 adventum
1540 2147 1682 2175 confestim
1699 2155 1761 2175 suc-

965 2196 1068 2224 cubuit.
1082 2194 1137 2223 Nec
1149 2195 1287 2222 immerito
1302 2195 1429 2222 videntur
1444 2194 1510 2222 mihi
1529 2193 1633 2221 cunctis
1650 2193 1762 2221 maledi-

120 2242 254 2277 ἀνθέρικα
273 2241 437 2275 θερίζοντες,
459 2240 490 2267 τὸ
500 2240 521 2256 δ’
548 2241 580 2267 ἐκ
603 2239 653 2274 τῆς
677 2240 770 2274 ἄμμου
797 2237 908 2273 σχοινίον¹

967 2250 1040 2276 cere,
1056 2241 1274 2278 quandoquidem
1299 2242 1349 2268 hac
1370 2247 1398 2268 re
1420 2241 1564 2275 plurimum
1590 2240 1690 2273 valent,
1714 2240 1761 2275 qui

122 2288 280 2321 πλέκοντες,
297 2288 348 2315 οὐκ
365 2285 412 2314 οἷδ’
427 2288 518 2314 ὅντινα
540 2286 614 2312 ἰστὸν
643 2286 806 2317 ἀναλύοντες
819 2293 826 2300 ·
851 2285 913 2311 ὅσον

121 2334 175 2369 γὰρ
187 2334 220 2361 ἃν
240 2333 401 2370 προκόψωσι
415 2333 465 2368 τῆς
495 2331 601 2366 σοφίας,
624 2330 750 2357 τοσοῦτον
778 2330 913 2364 ἀνταφαι-

122 2379 210 2414 ροῦσι,
231 2379 366 2412 μεγάλα⁸⁶
381 2376 556 2414 φρονοῦντες,
573 2376 620 2403 ἐὰν
636 2374 785 2412 ῥητορικὴν
815 2373 913 2401 εἴπωσι

121 2422 225 2455 κακῶς,
242 2422 326 2459 [1315
339 2422 387 2459 8.]
402 2423 498 2458 ῶσπερ
509 2419 555 2449 οὖν
570 2421 618 2448 καὶ
641 2421 705 2452 τοὺς
728 2419 838 2451 δούλους
855 2419 912 2451 τοῖς

121 2469 267 2500 δεσπόταις
295 2468 341 2494 ὑπ’
357 2468 462 2495 ’ὀδόντα
482 2468 504 2485 ⁸¹
521 2466 654 2498 πολλάκις
681 2464 910 2500 καταρωμένους,

122 2516 169 2542 καὶ
186 2515 304 2550 μάλιστα
316 2515 381 2547 τοὺς
397 2515 544 2549 μαστιγίας
560 2513 662 2541 αὐτῶν.
680 2511 749 2546 Ἤδη
765 2511 794 2537 δέ
804 2519 847 2542 τις
865 2510 915 2537 καὶ

966 2294 996 2317 ut
1018 2289 1118 2316 nullius
1138 2288 1255 2316 hominis
1272 2286 1438 2315 mentionem
1459 2285 1570 2318 faciant,
1587 2284 1657 2313 male
1670 2289 1761 2312 tamen

966 2334 1059 2362 dicunt
1070 2332 1173 2366 omnia,
1187 2332 1223 2360 ita
1236 2332 1307 2367 quod
1319 2331 1418 2359 habent
1430 2331 1455 2358 in
1468 2331 1584 2359 medium
1601 2329 1756 2358 conferunt.

965 2380 1056 2415 Atque
1089 2379 1172 2407 etiam
1203 2378 1416 2414 pulcherrimum
1449 2377 1630 2413 philosophiae
1661 2383 1764 2404 nomen

967 2427 1019 2455 sibi
1032 2427 1165 2459 tribuunt,
1178 2426 1256 2461 quasi
1270 2425 1359 2453 locum
1372 2424 1399 2452 in
1414 2422 1520 2452 théatro
1531 2428 1762 2460 praaoecupasent.

968 2474 1058 2509 Atque
1082 2473 1220 2508 equidem,
1239 2476 1266 2499 et
1288 2470 1395 2499 Platoni
1417 2471 1538 2499 debitum
1556 2471 1688 2498 honorem
1714 2469 1764 2496 tri-

972 2521 1028 2553 bui,
1045 2524 1073 2548 et
1097 2520 1219 2547 virorum
1236 2517 1361 2553 dignitati
1381 2524 1460 2552 opem
1477 2517 1525 2544 tuli
1547 2525 1601 2544 nou
1617 2515 1764 2551 ignaviter.

769 2568 887 2596 VARI/ﬂ
908 2565 1111 2596 LECTIONES.

171 2620 181 2635 ’
199 2620 254 2651 τοῖς
267 2620 363 2650 κακοῖς
371 2619 460 2654 ἄλλοις
475 2627 506 2654 ς’,
539 2617 805 2654 ’θριἓῦταέτράττειν
820 2618 850 2644 οὐ
869 2619 891 2644 Λ
903 2625 922 2654 :i
933 2616 1064 2654 πρέιῖῖεὲν
1082 2613 1167 2654 ταὲτα
1181 2621 1213 2654 Ξι
1243 2611 1264 2627 ³¹
1276 2607 1406 2654 27195”-
1434 2612 1467 2654 λλ·
1498 2611 1526 2654 ,³.’
1544 2611 1569 2654 σί
1583 2609 1658 2654 καῖ’..
1673 2608 1766 2654 ’,ἶίῗῗῗθ

146 2644 398 2697 ροντδεηέἒᾏξζὲδ
418 2644 504 2697 esset
520 2661 550 2697 ης.
565 2652 626 2697 δεδι
764 2661 819 2697 eam
832 2653 885 2696 .A.
901 2653 924 2668 ει
943 2644 1015 2697 ac:
1086 2649 1165 2697 «esse
1182 2648 1262 2697 διςίι
1275 2644 1472 2697 ’τῆς
1497 2646 1595 2697 11er-

152 2699 183 2716 ου
198 2697 252 2716 om.
262 2689 294 2716 Α.
314 2689 337 2704 ⁸⁸
350 2688 385 2724 δ’]
402 2689 457 2716 οὐδ’
467 2688 500 2715 ΔΖ
529 2688 551 2704 ⁸⁸
567 2688 597 2714 τὸ
610 2688 633 2714 Α
643 2688 703 2724 εγτῷ
713 2695 743 2724 ς’ἷ

124 2664 223 2697 φροντι)
233 2664 287 2681 om.
305 2664 339 2680 rs.
376 2664 398 2670 "
418 2664 502 2689 ουτοι]
520 2664 546 2688 ν.
565 2664 626 2680 alo.
661 2664 745 2693 "Jay
764 2664 819 2680 om.
832 2664 864 2680 η.
901 2664 924 2668 "
943 2664 1005 2679 τυυυ
1031 2664 1071 2677 Λ;
1086 2664 1165 2692 ἰιῗυιυ
1182 2664 1196 2674 ιι
1206 2664 1230 2679 ,δ
1240 2667 1247 2673 .
1290 2664 1361 2696 “up,
1371 2664 1425 2673 νι...
1439 2664 1472 2673 η.
1536 2664 1595 2681 μυ.
1619 2679 1642 2695 u
1656 2680 1666 2698 ἃ
1676 2664 1747 2687 ...ηρ
1758 2664 1766 2665 κ

124 2699 183 2740 ριου
198 2697 252 2716 om.
262 2689 294 2716 Α.
314 2689 337 2704 ⁸⁸
350 2688 385 2724 δ’]
402 2689 457 2716 οὐδ’
467 2689 499 2715 Α.
529 2688 551 2704 ⁸⁸
567 2688 597 2714 τὸ
610 2688 649 2714 A:
665 2696 703 2723 τῳ
713 2695 743 2718 ς’.
771 2688 794 2704 λ’
808 2688 900 2720 αὐτοῖς
911 2695 967 2715 om.
981 2687 1014 2714 Αἱ
1037 2685 1058 2701 ⁸³
1076 2693 1132 2716 τοις
1146 2683 1184 2718 (ρ.
1200 2681 1262 2715 5H)
1322 2681 1486 2717 κρειττόνων
1499 2689 1551 2727 oni.
1564 2681 1596 2707 A.
1656 2688 1717 2706 ..πει
1731 2679 1766 2708 Λ,

137 2726 147 2740 e
161 2724 315 2740 ang/.31....
326 2724 340 2740 Α
394 2723 418 2739 u
434 2725 564 2740 τρέπε-..ιη
575 2731 617 2740 η...
649 2723 663 2740 Α
722 2723 745 2738 δε
759 2725 772 2740 ,ι
785 2731 828 2740 η...
856 2725 870 2740 Α
926 2723 948 2739 ιο
967 2723 1014 2740 οη
1045 2720 1089 2740 un)
1103 2720 1134 2740 τ).
1156 2726 1185 2740 r,
1241 2717 1264 2734 ⁸ο
1282 2717 1354 2740 ιιέγα
1370 2726 1400 2740 r.
1438 2718 1460 2733 "
1476 2717 1514 2740 ὑπ
1542 2715 1636 2740 ὀδόντα
1659 2722 1714 2740 om.
1729 2716 1764 2740 A.

137 2726 147 2740 ⁸
160 2724 355 2752 διαϐάλλεινΔ.
376 2720 418 2739 ’⁸⁷
433 2725 564 2751 ἁπάντων
575 2731 630 2750 om.
645 2720 694 2750 A.‘
722 2723 745 2738 ⁸⁸
759 2725 773 2750 δ
785 2731 841 2751 om.
853 2725 886 2751 A.
926 2723 948 2739 δ’
967 2723 1025 2757 θερ.
1045 2720 1134 2748 καὶτὸ
1156 2726 1186 2750 ς.

1241 2717 1264 2734 ⁶⁰
1281 2715 1354 2752 μέγα
1370 2726 1400 2750 ς.
1438 2718 1460 2733 ⁸¹
1476 2716 1522 2743 ὑπ’
1542 2715 1636 2742 ὀδόντα
1659 2722 1714 2742 om.
1729 2716 1764 2743 Α,

882 2768 999 2797 NOTIE.

162 2819 201 2852 (5)
217 2817 368 2852 Utrumque
388 2817 493 2852 species
512 2816 652 2851 placentze.

161 2855 201 2887 (6)
214 2853 414 2880 Andromache.
424 2852 499 2886 capud
515 2852 637 2886 Euripid.

162 2887 201 2923 (7)
217 2888 274 2915 Hoc
285 2888 515 2922 reprehendendo
536 2887 675 2915 Platonem
690 2887 766 2915 dicit.

232 2935 370 2966 ΡΑτιιοι..
388 2934 448 2964 (ia.
465 2933 542 2964 CIII.

1011 2813 1049 2848 (8)
1064 2813 1114 2849 Per
1128 2811 1227 2839 malam
1243 2811 1362 2849 ipsorum
1377 2809 1548 2849 sententiam.
1621 2843 1626 2849 _
1710 2841 1727 2849 __
1747 2841 1754 2847 _

973 2883 994 2910 Β
1011 2841 1198 2910 Satyrus
1225 2841 1354 2881 qtiidam,
1384 2852 1437 2872 non
1463 2845 1535 2872 enim
1567 2843 1674 2880 genium
1701 2841 1768 2869 dicit

997 2891 1043 2911 acc
1065 2891 1082 2910 ι.

1548 2925 1585 2955 50
