1923 3093
158 130 227 162 1579
733 129 865 160 ΡΗΟΤΙΙ
884 130 951 160 PA’I

1004 130 1138 161 ARCHzE
1157 131 1210 162 CP.
1723 134 1794 166 1580

157 185 233 220 Quod
248 185 270 213 si
286 185 348 222 quis
368 185 427 213 haec
444 184 564 213 refutare
579 188 680 221 potest,
695 185 717 212 si
737 184 763 212 id
778 185 872 212 eadem
889 191 948 213 ser-

1004 186 1122 222 Σάτυρος
1135 186 1190 213 τῶν
1204 186 1250 213 ἐπὶ
1263 188 1365 223 σκηνῆς
1388 187 1564 223 κατηράσατο
1592 188 1632 225 τῷ
1650 187 1794 225 Ἠρακλεῖ,

156 237 218 260 vata
241 231 306 259 mihi
332 230 533 265 benevolentia,
563 239 617 267 qua
644 230 785 258 Platonem
806 237 857 265 ego
884 238 944 258 sum

1004 230 1094 266 εἷτάγσ
1112 231 1196 266 ἔκυψε
1224 233 1384 268 προσιόντος
1408 233 1485 261 κάτω
1499 234 1522 250 ⁸¹
1549 234 1664 267 εἰκότως
1687 235 1717 262 δέ
1746 245 1794 270 μοι

156 281 328 313 prosecutus,
347 276 454 311 fecerit,
476 284 537 305 eum
559 284 609 314 ego
631 285 705 306 nunc
717 281 745 305 et
761 277 789 305 in
803 282 945 313 posterum

1004 277 1136 305 Soxoﬁct"
1151 277 1244 310 κακῶς
1260 277 1384 312 ἅπαντας
1397 279 1488 314 λέγειν
1496 279 1520 296 ⁵⁸
1530 287 1538 296 ’
1554 280 1623 307 πολὺ
1631 279 1687 316 γὰρ
1699 281 1794 314 αὐτοῖς

156 324 273 352 amicum
288 331 342 351 non
356 324 463 352 hostem
478 324 618 359 iudicabo.

1004 323 1045 350 ιοῦ
1057 323 1222 359 πράγματος
1236 325 1387 360 περίεστιν,
1404 326 1430 354 οι
1445 334 1478 361 γε
1486 325 1538 354 κᾶν
1554 325 1673 362 μηδενὸς
1683 326 1794 362 ἀνθρώ-

128 380 131 384 ”
155 379 216 401 πων
234 371 435 406 μεμνήσωνται,
466 371 576 406 λέγουσι
607 372 631 399 δ’
660 372 679 399 ἃ
697 372 806 406 λέγουσι
828 371 931 404 κακῶς·
946 370 1017 398 ὥστε
1032 371 1079 407 ἀφ’
1093 368 1131 399 ὧν
1147 373 1240 409 ἔχουσι
1251 373 1419 409 χαρίζονται.
1432 372 1500 401 Εἶτα
1524 375 1556 402 τὺ
1578 375 1722 403 κάλλιπον
1739 375 1794 402 τῶν

156 415 299 451 ὀνομάτων
319 416 411 447 αὐτοῖς
439 416 586 451 τέθεινται,
614 417 784 451 φιλοσοφίαν,
817 416 912 452 ὥσπερ
941 415 1005 443 θέαν
1024 417 1284 453 προκατειληφότες.
1310 418 1381 453 Ἐγὼ
1393 418 1416 434 ⁵³
1434 419 1483 454 μὲν
1509 418 1556 446 οὖν
1581 418 1646 455 [712
1666 419 1714 456 11.]
1747 422 1795 448 καὶ

156 462 282 489 Πλάτωνι
296 462 346 496 τὴν
360 463 553 498 προσήκουσαν
580 462 663 499 τιμὴν
675 463 823 498 άπένειμα,
856 464 904 490 καὶ
923 464 981 495 τοῖς
1000 463 1113 499 ἀνδράσι
1134 465 1168 492 τὰ
1190 465 1332 501 πρέποντα
1346 466 1496 502 ἐὸοήθησα,
1515 466 1564 493 καὶ
1588 466 1650 502 οὐχὶ
1669 469 1794 503 προηκά-

157 519 222 545 μην.
242 510 273 536 El
304 509 333 536 δέ
355 518 398 541 τις
437 511 460 527 ³⁸
472 510 611 537 ἀντειπεῖν
644 510 702 545 ἔχει
722 510 839 543 τούτοις,
865 510 1008 544 φυλάττων
1035 511 1098 546 ἐμοὶ
1121 512 1171 547 τὴν
1200 512 1262 548 ῐσην
1284 512 1422 550 εὐφημίαν
1445 514 1566 549 δσηνπερ
1586 513 1642 548 ἐγὼ
1655 513 1792 549 Πλάτωνι,

95 2671 108 2684 .
161 2653 197 2680 τὰ.
223 2652 359 2689 λεγόμενα
388 2652 530 2689 ίδιωτικῶς

155 555 261 588 τοῦτον,
282 555 404 590 ἐγὼζκαὶ
422 554 469 582 νῦν
499 555 547 582 καὶ
576 554 691 591 ὕστερον
709 555 796 590 φίλον,
822 556 872 582 οὐκ
889 555 985 591 ἐχθρὸν
1004 556 1090 592 κρίνω
1100 557 1134 584 ⁸⁷.

483 613 622 642 CCXLIX.

342 669 474 703 Excerpta
488 677 501 696 ε
519 667 581 696 Vita
598 668 767 705 Pythagorae.

192 724 320 760 Legimus
330 729 358 752 et
382 723 468 751 Vitam
482 723 656 759 Pythagorae.

191 780 315 816 Excepit,
344 780 443 815 inquit,
476 780 589 808 docendi
618 788 733 809 munere
766 781 947 818 Pythagoram

1339 618 1430 646 2M0.

1249 675 1424 709 Πυθαγόρου
1436 675 1520 707 βίος.

1042 728 1214 764 ’Δνεγνώσθη
1230 728 1406 765 Πυθαγόρου
1420 731 1502 765 βίος.

1034 784 1096 812 Ὅτι
1112 785 1206 818 ένατος
1214 786 1239 803 ⁸·
1261 786 1317 814 άπὸ
1344 787 1504 824 Πυθαγόρου
1536 789 1659 825 διάδοχος
1683 790 1794 825 γέγονε,

158 825 235 853 Plato
250 833 338 853 nonus
351 832 503 859 successor,
515 825 641 861 Archytas
656 826 774 854 senioais
787 826 945 861 discipulus,

1004 829 1076 864 ρησὶ,
1094 830 1218 864 Πλάτων,
1236 831 1368 868 ’Δρχύτου
1380 833 1429 860 τοῦ
1450 834 1642 870 πρεσϐυτέρου
1667 836 1794 872 μαθητὴς

157 871 472 900 decimus-Aristoteles.
505 870 666 908 Pythagorae
689 877 780 900 autem
810 872 947 907 discipuli,

143 916 203 952 'qui
230 917 450 953 coritemplationi
473 917 559 945 dediti
584 922 674 950 erant,
694 916 828 945 Sebastici
851 917 890 954 [id
907 922 948 946 est

155 963 204 999 pii]
227 963 315 991 vocati
344 967 423 996 sunt;
447 963 494 998 qui
519 962 593 990 circa
619 963 739 990 humana
760 969 947 996 versarentur,

156 1011 283 1044 Politici;
308 1011 353 1046 qui
378 1010 525 1044 mathesin,
550 1009 738 1045 geometriam,
752 1009 948 1037 astronomiam

156 1061 291 1090 amarent,
317 1056 522 1089 Mathematici;
545 1055 592 1090 qui
621 1055 770 1083 familiares
793 1056 818 1082 ei
843 1059 948 1087 essent,

156 1102 350 1138 Pythagorici:
368 1102 523 1137 horumque
544 1101 666 1136 discipuli
690 1100 870 1137 Pythagorei;
888 1101 949 1136 qui-

157 1156 210 1183 que
233 1148 313 1175 aliter
328 1148 499 1176 extrinsecus
515 1155 577 1175 eum
603 1147 789 1180 imitarentur,
810 1147 949 1183 Pythago-

156 1194 242 1221 ristze.
255 1192 356 1221 Omnes
373 1193 400 1221 hi
416 1192 580 1221 animalibus
593 1193 776 1227 abstinentes,
793 1198 869 1221 certo
881 1197 950 1220 tem-

157 1247 223 1274 pore
236 1247 251 1268 e
277 1240 396 1268 victimis
409 1240 476 1267 solis
492 1239 646 1275 gustabunt.
661 1239 776 1266 Centum
791 1244 819 1265 et
833 1243 952 1274 quatuor

157 1286 260 1313 vixisse
288 1285 367 1313 annis
396 1285 482 1313 fertur
517 1285 698 1320 Pythagoras,
723 1288 751 1312 et
774 1284 952 1324 Mnesarchus

157 1333 306 1361 etiamnum
320 1332 430 1367 juvenis
454 1340 525 1360 unus
548 1332 665 1359 filiorum
689 1331 805 1364 obiisse;
821 1333 953 1360 successit

159 1379 224 1406 huic
235 1378 381 1414 Telauges,
399 1377 521 1413 Saraque
535 1382 562 1405 et
574 1377 645 1413 Myia
662 1377 734 1404 illius
750 1377 822 1410 tiliae,
841 1378 954 1412 ipsaque

159 1424 282 1458 Theano,
303 1431 356 1452 non
373 1423 506 1459 discipula
525 1424 619 1456 modo,
637 1431 731 1451 verum
751 1428 779 1452 et
797 1424 852 1451 lilia
868 1424 954 1452 fuisse

157 1474 356 1498 memorantur.
380 1469 526 1502 Diil'erunt,
548 1473 579 1496 ut
597 1469 674 1496 aiunt
699 1468 874 1504 Pythagorei,
893 1469 954 1496 uui-

158 1520 202 1544 tas
217 1520 245 1543 et
266 1523 350 1543 unum
364 1524 371 1542 :
385 1515 476 1543 unitas
491 1515 600 1550 quidem
624 1515 650 1541 in
666 1515 747 1542 rebus
760 1523 821 1550 quae
837 1514 887 1542 sub
908 1515 951 1542 in-

159 1562 299 1590 tellectum
322 1561 434 1595 cadunt,
461 1561 495 1588 ab
511 1555 544 1589 iis
559 1561 723 1595 collocatur;
740 1568 823 1588 unum
842 1568 906 1589 vero
922 1561 951 1588 in

159 1608 226 1642 ipsis
242 1607 375 1641 numeris,
398 1610 428 1635 et
445 1607 541 1634 eodem
565 1606 645 1634 modo
667 1606 721 1634 duo
748 1606 776 1634 in
800 1606 952 1634 numeratis

159 1653 317 1681 dualitatem
344 1652 480 1680 inﬁnitam
498 1652 656 1687 perhibent.
675 1651 771 1680 Unitus
786 1652 895 1687 quidem
909 1659 952 1680 se-

160 1699 278 1727 cundum
295 1698 481 1733 aequalitatem
497 1702 525 1726 et
540 1698 659 1726 medium
672 1698 791 1726 sumitur
808 1709 815 1726 ;
834 1698 952 1726 dualitas

160 1749 251 1772 autem
277 1745 427 1772 secundum
452 1743 686 1779 exsuperantiam,
715 1743 741 1771 id
764 1744 836 1778 quod
861 1744 952 1771 minus

160 1795 211 1819 est.
228 1790 326 1826 Itaque
337 1790 455 1818 medium
476 1794 502 1817 ct
518 1790 616 1817 modus
633 1797 686 1817 non
707 1794 822 1824 possunt
837 1789 895 1824 plus
906 1793 954 1816 aut

159 1837 250 1864 minus
264 1836 332 1870 lleri,
347 1836 395 1864 sed
406 1843 534 1864 excessus
542 1835 641 1871 539a
656 1840 683 1863 et
696 1835 829 1867 defectus,
848 1843 909 1862 cum
924 1835 952 1862 in

161 1881 297 1919 infinitum
317 1880 477 1916 procedant,
498 1885 580 1915 atque
595 1880 659 1908 ideo
673 1885 848 1908 asseruerunt
863 1880 951 1907 duali-

161 1932 244 1955 tatcm
260 1927 404 1955 inﬁnitam.
420 1928 455 1955 Et
469 1927 534 1955 licet
555 1927 648 1955 omnia
664 1934 679 1954 e
691 1926 807 1955 monade
821 1931 849 1954 et
862 1926 952 1955 duali-

161 1978 216 2001 tate
245 1974 271 2001 in
296 1980 425 2001 numeros
444 1973 574 2006 referant,
598 1973 745 2008 omniaque
761 1980 822 2008 quae
842 1977 953 2000 exstant

160 2027 304 2047 numerum
324 2019 471 2054 appellent,
496 2019 602 2047 decimo
624 2024 713 2047 tamen
729 2026 858 2046 numerus
875 2025 952 2046 com-

160 2066 261 2101 pletur.
292 2065 421 2093 Decimus
445 2073 510 2093 vero
532 2065 561 2093 iit
586 2073 600 2093 a
620 2070 738 2100 quatuor
755 2064 833 2092 nobis
856 2064 953 2092 ordine

161 2111 371 2139 numerantibus
393 2109 524 2138 numeris.
553 2109 658 2137 Idcirco
675 2116 783 2137 onmem
809 2116 951 2136 numerum

160 2157 365 2193 qualernarium
381 2156 526 2191 appellant.
548 2155 649 2183 Tribus
666 2162 775 2190 quoque
790 2154 953 2182 asserebant

160 2202 250 2230 modis
265 2201 357 2236 seipso
382 2201 521 2229 hominem
539 2201 677 2228 meliorem
693 2199 761 2228 fieri.
780 2199 874 2227 Primo
889 2207 950 2227 cum

162 2250 215 2278 diis
236 2248 415 2284 colloquendo
437 2256 445 2276 :
465 2249 641 2276 accedentem
660 2247 733 2275 enim
760 2247 792 2274 ad
812 2254 859 2275 eos
888 2252 952 2275 tunc

162 2295 334 2329 potissimum
350 2294 385 2322 ab
399 2294 473 2322 omni
490 2301 518 2322 se
535 2293 670 2321 maleficio
683 2293 823 2321 abstinere
839 2299 951 2320 necesse

162 2346 215 2374 est,
227 2346 254 2368 et
266 2341 356 2376 quoad
368 2340 426 2374 ejus
439 2340 496 2368 fieri
513 2343 601 2375 potest.
612 2339 667 2366 Deo
681 2337 836 2365 assimilari.
849 2337 952 2365 Deinde

161 2387 230 2415 bene
248 2387 280 2414 de
293 2387 354 2414 aliis
370 2385 521 2414 merendo:
540 2385 585 2413 Dei
601 2385 673 2411 enim
695 2385 747 2412 hoc
760 2384 898 2419 pr0prium
911 2389 953 2411 est

161 2434 189 2460 in
204 2440 290 2467 eoque
306 2431 391 2460 Deum
407 2432 538 2459 imitatur.
554 2430 647 2458 Tertio
661 2429 778 2464 denique
789 2430 928 2457 moriendo
945 2438 951 2456 :

161 2478 185 2507 si
204 2478 276 2506 enim
299 2478 416 2510 animus,
442 2478 488 2512 qui
514 2477 539 2504 in
566 2477 620 2504 vita
648 2476 705 2511 ipsa
720 2480 763 2503 est
785 2475 848 2502 vita:
862 2483 954 2507 causa,

997 874 1154 909 γενόμενος,
1165 873 1279 909 δέκατος
1292 876 1322 904 δὲ
1339 877 1544 914 Ἀριστοτέλης.
1572 879 1634 907 Τῶν
1650 880 1679 907 δέ
1700 881 1796 907 Πυθα-

998 919 1081 955 γόρου
1094 921 1119 947 οἱ
1135 921 1186 956 μὲν
1194 917 1265 957 ἦσαν
1278 923 1345 958 περὶ
1363 923 1413 959 τὴν
1429 923 1548 959 θεωρίαν
1570 925 1794 960 καταγινόμενοι,

1003 965 1084 1001 οἵπερ
1113 966 1259 994 ἐκαλοῦντο
1275 966 1446 1001 Σεὸαστικοὶ,
1464 970 1489 996 οἱ
1502 969 1531 997 δὲ
1543 971 1609 1006 περὶ
1631 970 1666 998 τὰ
1684 971 1795 1007 ἀνθρώ-

1000 1018 1077 1044 πινα,
1098 1011 1178 1048 οἱπερ
1190 1012 1338 1041 ἐκαλοῦντο
1349 1014 1503 1049 Πολιτικοὶ,
1515 1016 1541 1042 οἱ
1555 1016 1583 1042 δέ
1605 1017 1671 1051 περὶ
1688 1016 1725 1043 τά
1740 1025 1796 1052 μα-

1000 1055 1121 1090 θήματα.
1146 1058 1323 1094 γεωμετρικὰ
1347 1059 1396 1086 καὶ
1410 1059 1609 1096 άστρονομικὰ.
1628 1060 1709 1096 οἵπερ
1727 1061 1795 1088 ἐκα-

999 1100 1095 1129 λοῦντο
1109 1102 1316 1139 Μαθηματικοί.
1331 1105 1388 1132 Καὶ
1403 1106 1428 1133 οἱ
1446 1106 1495 1141 μὲν
1509 1106 1532 1123 "
1547 1105 1623 1141 αὐτῷ
1641 1106 1681 1142 τῷ
1701 1106 1797 1134 Πυθα-

1000 1149 1071 1185 γόρᾳ
1089 1150 1313 1186 συγγενόμενοι⁶⁰
1335 1152 1482 1181 ἐκαλοῦντο
1504 1153 1702 1190 Πυθαγορικοὶ,
1718 1155 1744 1181 oi.
1765 1154 1796 1181 δᾶ

1000 1195 1104 1222 τούτων
1126 1196 1248 1232 μαθηταὶ
1264 1197 1458 1232 Πυθαγόρειοι,
1483 1199 1508 1226 οἱ
1534 1198 1562 1225 δὲ
1579 1199 1667 1231 ἄλλως
1693 1199 1797 1232 ἔξωθεν

1002 1240 1123 1277 ζηλωταὶ
1158 1243 1374 1279 Πυθαγορισταί.
1407 1244 1566 1280 ’Δπείχοντο
1597 1245 1626 1272 δὲ
1663 1245 1798 1281 ἐμψύχων

1002 1287 1049 1313 καὶ
1075 1287 1145 1314 κατὰ
1179 1287 1275 1322 καιρὸν
1293 1288 1385 1323 [μόνον
1395 1288 1417 1304 ⁶¹
1445 1288 1546 1316 θυσιῶν
1570 1289 1706 1324 ἐγεύοντο.
1732 1290 1797 1316 Ὅτι

1003 1332 1100 1359 ὲκατδν
1116 1332 1163 1362 καὶ
1177 1333 1320 1369 τεσσάρων
1335 1334 1445 1369 λέγεται
1462 1335 1531 1363 ἐτῶν
1542 1335 1565 1351 ⁶²
1590 1335 1720 1371 ἐζηκέναι
1748 1335 1797 1362 τδν

1007 1377 1180 1413 Πυθαγόραν.
1208 1378 1264 1405 Καὶ
1289 1380 1304 1406 ό
1330 1379 1379 1415 μὲν
1395 1380 1562 1416 Μνήσαρχος
1587 1377 1627 1410 εἷς
1654 1379 1710 1407 τῶν
1726 1379 1797 1407 υἱῶν

1003 1423 1086 1450 αὑτοῦ
1101 1423 1211 1458 λέγεται
1229 1424 1362 1460 νεώτερος
1376 1426 1550 1461 τελευτῆσαι,
1569 1426 1716 1462 Τηλαυγὴς
1740 1426 1771 1454 δὲ
1782 1427 1798 1454 6

1003 1467 1099 1504 ἐτερος
1113 1469 1260 1503 διεδέξατο,
1276 1470 1324 1497 καὶ
1337 1471 1444 1507 Αίσάρα
1453 1472 1476 1488 ⁸⁸
1489 1472 1538 1499 καὶ
1560 1472 1636 1500 Μυῖα
1654 1472 1684 1500 αι
1709 1472 1798 1508 θυγα-

1002 1514 1091 1549 τέρες.
1106 1515 1162 1542 Καὶ
1174 1516 1192 1551 ὴ
1207 1515 1303 1543 Θεανὼ
1316 1516 1345 1543 δὲ
1368 1516 1480 1552 λέγεται
1497 1518 1528 1544 οὐ
1556 1518 1696 1554 μαθήτρια
1715 1519 1799 1554 μόνον

1002 1559 1071 1587 ἀλλὰ
1084 1561 1132 1587 καὶ
1149 1561 1197 1596 μία
1210 1561 1265 1588 τῶν
1280 1561 1440 1598 θυγατέρων
1453 1563 1537 1590 αὑτοῦ
1556 1561 1638 1591 εἶναι.
1650 1564 1713 1591 Ὂτι
1738 1565 1799 1591 δια-

1004 1607 1099 1643 φέρειν
1116 1607 1211 1642 έλεγον
1226 1609 1252 1635 οἱ
1265 1609 1319 1636 ἀπὸ
1334 1609 1494 1646 Πυθαγόρου
1505 1610 1609 1646 μονάδα
1621 1611 1668 1637 καὶ
1681 1610 1722 1638 ἐν.
1738 1611 1799 1638 Μο-

1003 1652 1052 1684 νὰς
1061 1653 1112 1688 μὲν
1122 1654 1177 1689 γὰρ
1192 1654 1259 1690 παρ’
1274 1655 1366 1687 αὐτοῖς
1378 1655 1523 1692 ἐνομίζετο
1537 1657 1555 1692 ἡ
1567 1656 1597 1683 ἐν
1613 1658 1670 1689 τοῖς
1691 1659 1800 1693 νοητοῖς

1003 1698 1081 1731 οὖσα,
1095 1699 1125 1726 ἓν
1134 1700 1163 1727 δέ
1177 1700 1207 1727 τὸ
1220 1701 1250 1727 ἐν
1266 1701 1322 1733 τοῖς
1333 1701 1461 1737 ἀριθμοῖς
1473 1710 1481 1717 ·
1498 1703 1600 1737 ὁμοίως
1610 1703 1696 1731 δὲκαὶ
1706 1703 1755 1730 δύο
1767 1704 1800 1730 τὺ

1003 1744 1033 1770 ἐν
1040 1745 1097 1776 τοῖς
1112 1745 1174 1780 άριθ
1179 1747 1285 1781 μητοϊς.
1303 1746 1417 1781 Ἔλεγον
1426 1747 1457 1774 δέ
1467 1747 1517 1782 τὴν
1527 1747 1613 1776 δυάδα
1621 1747 1644 1765 ⁸⁸
1658 1748 1799 1784 ἀόριστον,

1003 1788 1070 1824 ὅτιή
1082 1789 1132 1824 μὲν
1146 1790 1230 1825 μονὰς
1239 1791 1311 1819 κατὰ
1317 1791 1368 1828 τὴν
1384 1792 1496 1828 ἰσότητα
1510 1793 1600 1821 καὶτὸ
1609 1793 1711 1830 μέτρον
1725 1794 1800 1831 λαμ-

1004 1834 1151 1871 6άνεται,ὴ
1159 1835 1187 1863 δὲ
1196 1837 1263 1870 δυὰς
1275 1838 1336 1864 καθ’
1344 1838 1395 1865 ὐπε
1400 1838 1500 1874 ρὸολὴν
1508 1839 1557 1866 καὶ
1564 1838 1696 1875 ἔλλειψιν.
1706 1841 1800 1868 Met-:6.

1003 1890 1054 1916 της
1062 1882 1112 1916 μὲν
1121 1879 1169 1909 οὖν
1180 1883 1229 1910 καὶ
1250 1883 1350 1919 μέτρον
1360 1884 1390 1911 οὐ
1401 1884 1512 1912 δύναται
1528 1885 1629 1920 μᾶλλον
1652 1886 1701 1913 καὶ
1716 1884 1801 1922 ἧττον

1003 1927 1149 1962 γενέσθαι·
1167 1928 1184 1963 ἠ
1199 1927 1228 1955 δὲ
1253 1928 1391 1964 ὑπερϐολὴ
1419 1930 1466 1957 καὶ
1489 1929 1610 1965 ἔλλειψις
1633 1929 1730 1966 ἐπειδὴ
1754 1931 1800 1958 ἐπ’

1004 1974 1117 2009 ἄπειρον
1134 1975 1292 2010 προχωρεῖ,
1310 1974 1355 2002 διὰ
1369 1975 1449 2002 τοῦτο
1462 1975 1590 2012 ἀόριστον
1604 1976 1691 2012 αὐτὴν
1704 1977 1802 2011 ελεγον

1003 2019 1098 2046 δυάδα.
1114 2019 1170 2047 Καὶ
1181 2020 1275 2056 ἐπειδὴ
1291 2020 1381 2048 πάντα
1398 2021 1439 2052 είς
1451 2021 1514 2052 τοὺς
1537 2020 1673 2056 ἀριθμοὺς
1695 2021 1802 2057 ἀνῆγον

1004 2063 1036 2090 ἐκ
1063 2073 1093 2091 τε
1115 2065 1165 2099 τῆς
1184 2065 1299 2100 μονάδος
1324 2066 1373 2092 καὶ
1395 2067 1447 2101 τῆς
1468 2066 1575 2100 δυάδος,
1599 2067 1646 2095 καὶ
1670 2067 1707 2094 τὰ
1733 2067 1801 2094 ὂντα

1005 2109 1094 2137 πάντα
1125 2111 1292 2146 άριθμοὺςυ
1321 2112 1547 2147 προσηγόρευον,
1583 2112 1598 2138 ὸ
1626 2112 1655 2139 δὲ
1682 2112 1802 2148 ἀριθμὸς

1005 2156 1216 2192 ωμπληροῦται
1234 2158 1290 2189 τοῖς
1305 2156 1382 2190 δέκα,
1407 2157 1475 2196 ess
1499 2157 1567 2184 δέκα
1595 2157 1723 2189 σύνθεσις
1743 2158 1801 2185 τῶν

1005 2201 1150 2238 τεσσάρων
1164 2202 1236 2229 κατὰ
1255 2203 1287 2228 τὸ
1303 2202 1368 2238 ἑξῆς
1385 2202 1575 2239 ἀριθμούντων
1588 2202 1680 2238 ἡμῶν,
1694 2204 1743 2230 καὶ
1755 2203 1802 2230 διὰ

1005 2248 1085 2275 τοῦτο
1101 2247 1147 2274 τὸν
1161 2247 1280 2283 άριθμδν
1297 2247 1388 2275 πάντα
1404 2249 1557 2284 τετρακτὺν
1573 2247 1800 2283 έλεγον.”Ελεγον

1004 2294 1034 2320 δὲ
1052 2293 1099 2320 τδν
1115 2293 1260 2330 ἄνθρωπον
1274 2293 1358 2321 αὑτὸν
1383 2293 1482 2321 ἑαυτοῦ
1510 2293 1608 2329 βελτίω
1627 2293 1700 2320 κατὰ
1723 2294 1801 2328 τρεῖς

1006 2339 1124 2375 τρόπους
1143 2339 1278 2374 γίνεσθαι,
1295 2339 1404 2375 πρῶτον
1427 2339 1477 2375 μὲν
1491 2341 1524 2376 τῇ
1542 2339 1666 2375 ὁμιλίᾳ⁶⁶
1681 2340 1714 2374 τῇ
1730 2339 1802 2375 πρὸς

1008 2385 1072 2416 τοὺς
1089 2385 1167 2416 θεοὺς
1188 2385 1306 2421 (ἀνάγκη
1323 2386 1379 2421 γὰρ
1406 2385 1569 2421 προσίοντας
1577 2386 1599 2402 ⁸⁷
1622 2386 1715 2417 αὐτοῖς
1739 2385 1801 2412 κατ’

1009 2430 1099 2456 ἐκεῖνο
1117 2429 1215 2466 καιροῦ
1231 2429 1398 2466 χωρίζεσθαι
1409 2431 1509 2462 αὐτοὺς
1522 2431 1616 2466 πάσης
1632 2431 1745 2464 κακίας,
1760 2431 1803 2462 είς

1009 2475 1124 2510 δύναμιν
1135 2475 1296 2511 ὁμοιοῦντας
1304 2475 1327 2491 ⁸⁸
1343 2477 1458 2508 ἑαυτοὺς
1472 2475 1512 2512 τῷ
1523 2475 1612 2512 Θεῷ),
1629 2475 1759 2511 δεύτερον
1771 2477 1803 2503 ἐν

818 2531 936 2560 VARUE
957 2531 1160 2560 LECTIONES.

197 2581 325 2618 "adth
336 2582 421 2609 κάτω.
435 2581 587 2618 σάτυρος-δ’
602 2581 688 2618 ὅστις
701 2579 737 2618 ος).
746 2579 801 2614 γὰρ
811 2579 863 2618 Δτὸν
875 2579 1077 2618 δαίμονα-λέγει
1087 2579 1134 2606 τοῦ
1147 2580 1282 2618 διονυσίου
1299 2580 1331 2607 Α.
1358 2581 1392 2618 ff»
1405 2589 1454 2618 μοι
1464 2580 1643 2618 δοκοῦσι-ρω-
1719 2580 1804 2618 "1&-

161 2617 239 2678 Tewl
256 2614 366 2652 λέγουσι
392 2617 424 2644 Δ.
454 2617 476 2632 ⁵⁵
496 2614 605 2677 ξγὼ]λρ,
622 2614 685 2642 524.
714 2615 738 2630 ⁵⁸
747 2623 790 2646 τις
805 2614 826 2641 Α
844 2624 850 2640 :
866 2623 893 2641 τι
912 2623 942 2646 ς.
980 2615 1001 2631 ⁸⁷
1019 2623 1079 2650 quae
1104 2620 1166 2649 post
1187 2615 1274 2650 κρίνω
1295 2624 1315 2648 ς
1330 2614 1415 2649 addit,
1428 2616 1642 2678 ﬁliai/tomb)?-
1664 2616 1680 2642 ὁ
1700 2615 1803 2643 πωλῶν

161 2653 197 2678 τὰ
241 2653 359 2678 εγόιιενιι
388 2652 530 2678 ἰδιωτικωε
573 2649 717 2678 ουκανικὰ.
742 2657 796 2677 om.
829 2650 883 2677 AC.
918 2650 941 2666 ⁵⁸
957 2649 1068 2678 ἔννατος
1096 2658 1127 2678 ς.
1154 2651 1178 2666 ⁶⁹
1190 2651 1214 2677 οἱ
1234 2651 1285 2678 μὲν
1296 2658 1339 2678 an.
1362 2650 1394 2678 L.
1413 2651 1611 2678 Holstenmml
1634 2651 1751 2678 ornhvr.
1768 2651 1803 2678 de

161 2689 218 2726 yjta
235 2686 349 2726 Pythag.
364 2688 407 2726 ed:
425 2687 534 2714 Kuster.
552 2694 578 2726 ρ,

162 2723 286 2751 llolsten.
327 2723 348 2739 σι
372 2723 461 2758 μόνων
476 2731 506 2754 ς,

573 2649 717 2687 ουκανικᾲ,
742 2657 796 2677 om.
823 2650 883 2687 Ἀρ.
918 2649 1068 2687 "furiata;
1096 2658 1127 2687 g.
1149 2651 1178 2687 _"
1190 2651 1214 2687 οί
1234 2651 1285 2686 μὲν
1296 2658 1339 2686 ap.
1362 2650 1394 2678 L.
1413 2651 1611 2687 Holstenium(

1634 2651 1751 2686 orphyr.
1768 2651 1803 2678 de

679 2685 701 2722 δή
718 2685 919 2722 συγγινόμενριὲ
934 2684 1043 2722 Suidas
1053 2693 1079 2712 v.
1099 2684 1250 2722 liueatydp'a
1272 2684 1337 2720 (vol.
1355 2687 1386 2722 75,
1398 2693 1424 2721 p.
1436 2686 1499 2719 253,
1514 2684 1799 2722 ςό),Ῠγενὸμειῐοιει)ἓ

553 2719 575 2737 δ’
589 2719 658 2757 ἐτῶν
673 2719 782 2757 λέγεται
798 2719 838 2757 ςέ
854 2720 891 2757 ,ξ’
906 2720 1012 2756 Δίσάρα
1026 2720 1169 2757 Bentleius
1187 2719 1312 2757 re‘spous.
1329 2721 1360 2748 ad
1379 2719 1455 2757 Boyl.
1470 2729 1497 2756 p.
1513 2719 1567 2749 215
1578 2719 1700 2757 Lennep.
1711 2720 1800 2757 ;rlib>ri

163 2759 244 2793 σάρα.
276 2758 298 2774 ⁸⁸
311 2754 394 2785 δυάδα
409 2758 442 2793 A.
459 2756 561 2793 μονάδα
581 2765 611 2788 ς.
648 2756 674 2793 ξιξ
684 2755 800 2793 ἀριθμὸν
814 2754 912 2793 Suidas
924 2763 951 2783 v.
961 2754 1492 2793 ’épthLG),ﬁptagbv:15191)§tbviacui.
1502 2754 1679 2793 Τετρακτύςξ
1709 2755 1802 2793 ⁶⁶Αμέν

161 2790 256 2834 ὁμιλίᾳ.
269 2794 303 2834 τῇ
319 2793 387 2834 πρὸὲ
400 2790 466 2834 θεὸν
495 2792 592 2834 _Suidas_
608 2799 633 2818 ν.
648 2790 810 2834 ᾋνθρωπος
838 2790 928 2822 αὐτὸς.
968 2790 1184 2826 ππροσιόνταςξ
1218 2791 1241 2808 θ’
1257 2790 1419 2827 ὁμοιοῦντας
1435 2800 1509 2821 corr.
1525 2792 1548 2820 Α
1558 2790 1574 2820 ⁷ς
1589 2791 1637 2819 τὸν
1648 2790 1801 2828 προσιόντα

162 2825 352 2864 -ὲ-ομοιοῦντά
369 2827 466 2857 Suidas
482 2832 519 2861 et,
537 2827 639 2855 omisso
654 2825 699 2852 τὸν
717 2834 747 2857 ς.
