1923 3093
128 139 197 174 1581

666 143 930 174 BIBLIOTHECA.
961 157 985 162 -
1003 144 1086 175 COD.
1109 145 1257 175 CCXLIX.

1688 144 1755 177 1582

121 199 161 234 τῷ
174 195 205 225 εὖ
217 198 305 226 ποιεῖν
328 198 408 234 (Θεοῦ
422 200 477 236 γὰρ
494 200 573 228 τοῦτο
587 200 635 228 καὶ
652 199 727 233 θείας
742 202 908 237 μιμήσεως),

976 202 1102 230 ιθυιυιυιῐι
1129 210 1145 230 a
1173 208 1286 237 corpore
1325 204 1478 236 stparalus,
1514 202 1604 238 seipso
1633 205 1756 233 reuditur

120 245 213 280 τρίτον
231 246 260 272 ὲν
276 244 316 280 τῷ
332 244 516 280 ἀποθνήσκειν
527 255 533 261 ·
548 247 572 272 εί
587 246 642 281 γὰρ
658 248 730 274 κατὰ
750 248 833 274 ποσόν
849 256 875 274 τι
894 248 911 283 ἡ

121 290 196 326 ψυχὴ
217 291 265 318 τοῦ
291 290 419 326 σώματος
439 293 468 319 ὲν
490 293 529 328 τῷ
546 293 595 328 ζῇν
607 293 638 319 τὸ
654 293 736 326 ζῶον,
763 293 846 330 [1516
864 293 912 330 1L]

122 337 295 373 χωριζομένη
325 337 439 373 βελτίων
465 338 568 373 γίνεται
593 339 713 374 ἑαυτῆς,
742 339 771 366 έν
799 349 830 366 τε
857 340 914 372 τοῖς

123 382 220 414 ὕπνοις
243 383 315 410 κατὰ
332 383 398 416 τοὺς
421 383 543 416 ὀνείρους
563 384 611 412 καὶ
636 385 664 411 ὲν
686 385 747 415 ταῖς
769 385 915 411 ὲκστάσεσι

123 428 179 455 τῶν
194 429 281 456 νόσων
301 430 419 464 μαντικὴ
434 430 551 464 γίνεται,
567 430 658 465 πολλῷ
673 430 738 466 [715
750 429 797 466 IL]
815 431 915 466 μᾶλλον

126 475 291 510 βελτιοῦται,
307 476 371 503 ὅταν
386 476 478 503 τέλεον
492 477 617 513 χωρισθῇ
631 478 685 505 ἀπὺ
711 477 759 504 τοῦ
778 476 913 512 σώματος.

124 521 187 548 Ὅτι
203 521 252 557 τὴν
271 521 375 556 μονάδα
388 523 498 550 πάντων
515 523 602 558 ἀρχὴν
617 523 710 558 ἔλεγον
723 523 915 558 Πυθαγόρειοι,

123 567 187 594 ἐπεὶ
201 567 232 594 τὸ
249 568 299 602 μὲν
313 569 427 604 σημεῖον
442 569 532 604 ἀρχὴν
548 569 641 603 ἔλεγον
658 569 808 604 γραμμῆς,
825 568 875 603 τὴν
888 568 916 594 δὲ

124 612 265 646 ἐπιπέδου,
284 613 314 640 τὸ
327 613 355 640 δὲ
370 614 417 641 τοῦ
433 614 516 650 τριχῆ
534 614 681 641 διαστατοῦ
697 615 757 650 ἦτοι
778 613 916 649 σώματος.

126 657 181 685 Τοῦ
201 659 230 685 δὲ
245 660 362 693 σημείου
376 661 607 695 προεπινοεῖταιή
623 660 718 695 μονὰς,
736 659 807 686 ὥστε
816 660 838 676 ⁸⁹
847 659 917 695 ἀρχὴ

124 704 180 731 τῶν
197 705 333 740 σωμάτων
350 706 365 741 ἡ
382 706 484 741 μονάςο
502 705 574 733 ὥστε
589 707 623 733 τὰ
645 706 760 740 σώματα
781 706 871 732 πάντα
886 707 918 732 ἐκ

124 751 174 784 τῆς
199 751 314 784 μονάδος
337 751 495 786 γεγένηται.
523 751 584 778 Ὀτι
610 752 635 777 ot
658 751 840 786 Πυθαγόρειοι
865 751 918 777 τῶν

125 794 257 831 ἐμψύχων
270 796 428 831 ἀπείχοντο,
441 798 490 832 τὴν
510 796 722 832 μετεμψύχωσιν
735 796 863 832 ἀφρόνως
881 796 918 828 ὡς

125 840 216 876 ἀληθῆ
243 841 494 877 ὑπολαμϐάνοντες,
523 843 569 869 καὶ
597 843 639 869 ὃτι
665 842 699 868 τὰ
722 841 834 869 τοιαῦτα
865 842 919 868 τῶν

127 874 284 922 βρωμάτων
302 874 419 922 παχύνει
435 887 482 914 τὸν
501 888 574 919 νοῦν,
590 887 784 923 τροφιμώτερα
795 887 859 914 ὄντα
871 887 919 913 καὶ
935 874 956 901 Β

127 933 229 968 πολλὴν
242 933 367 960 ἀνάδοσιν
382 933 522 960 ποιοῦντα.
534 933 583 961 Διὰ
595 932 676 960 τοῦτο
691 932 796 959 καὶτοῦ
812 933 919 967 κυάμου

128 979 275 1014 ἀπείχοντο
286 1000 293 1011 ,
308 980 349 1006 ὅτι
367 979 494 1015 φυσώδης
507 979 555 1006 καὶ
567 979 783 1014 τροφιμώτατος.
802 979 857 1005 Καὶ
872 978 920 1005 άλ-

127 1023 178 1056 λας
195 1024 223 1050 δέ
237 1032 314 1055 τινας
330 1024 422 1055 αίτίας
439 1024 549 1055 πλείους
565 1023 751 1055 ἀποδιδόασιν,
774 1023 802 1049 αἳ
821 1022 920 1052 αὐτοὺς

128 1070 226 1103 ἐνῆγον
240 1070 391 1104 ἀπέχεσθαι
405 1070 460 1097 τῶν
473 1071 598 1105 κυάμων.
616 1070 677 1096 Ὅτι
693 1069 738 1096 τὸν
753 1069 919 1104 Πυθαγόραν

129 1114 215 1141 πολλά
238 1123 304 1150 φασι
313 1116 337 1132 ⁷ο
360 1117 514 1151 προειπεῖν,
533 1117 580 1143 καὶ
602 1116 692 1143 πάντα
717 1115 843 1151 ἐκϐῆναι.
860 1115 921 1142 Ὀτι

128 1160 179 1196 τὴν
204 1161 254 1196 μὲν
278 1161 450 1197 θεωρητικὴν
478 1163 526 1189 καὶ
547 1163 666 1198 φυσικὴν
692 1162 827 1189 Πλάτωνά
854 1169 921 1196 φασι

130 1206 205 1241 παρὰ
221 1207 276 1234 τῶν
293 1208 322 1234 ὲν
342 1207 444 1244 Ἰταλίᾳ
455 1207 650 1243 Πυθαγορείων
667 1207 812 1243 ἐκμαθεῖν,
826 1208 877 1242 τὴν
892 1206 921 1233 δὲ

966 248 1083 276 melior:
1108 248 1242 283 siquidem
1260 248 1286 275 in
1312 247 1416 275 somnis
1440 255 1489 283 per
1510 248 1658 283 Insomnia,
1679 255 1707 278 et
1725 250 1753 278 in

965 294 1121 322 exstasihus
1144 294 1309 326 morborum,
1337 293 1473 321 divinator
1502 294 1540 328 tit,
1569 295 1657 322 multo
1688 303 1754 323 sane

966 344 1031 368 tunc
1055 340 1229 375 praestantior
1250 339 1340 374 seipso
1363 339 1404 373 tit,
1430 347 1492 367 cum
1507 339 1563 374 jam
1585 345 1723 376 postremo
1740 349 1756 369 ε

965 394 1081 421 corpore
1107 387 1245 422 migravit.
1267 386 1345 421 Apud
1370 386 1480 414 eosdem
1495 386 1637 414 exordium
1663 395 1755 415 rerum

966 432 1088 459 omnium
1105 436 1146 460 est
1160 432 1261 465 unitas,
1280 432 1379 460 deinde
1394 438 1522 467 punctum
1540 433 1647 460 initium
1665 433 1754 467 lineae,

967 478 1036 506 linea
1051 478 1217 513 superﬁciei,
1235 484 1263 506 et
1282 478 1442 514 superﬁcies
1465 479 1581 514 triplicis
1600 479 1626 506 in
1646 480 1756 514 quanti-

967 527 1024 551 tate
1043 523 1233 555 dimensionis,
1247 522 1300 555 vel,
1322 527 1352 550 ut
1370 527 1478 556 vocant,
1501 523 1637 559 corporis.
1656 523 1755 552 Verum

967 573 1033 596 ante
1047 572 1175 603 punctum
1200 568 1390 603 coguOscimus
1406 569 1564 596 monadem.
1589 569 1680 602 Quare
1694 576 1758 597 cor-

968 622 1064 648 porum
1092 615 1200 642 inilium
1222 618 1265 642 est
1290 615 1394 648 unitas,
1419 615 1490 643 sicut
1503 616 1596 642 omnia
1609 622 1722 650 corpora
1741 623 1758 643 e

969 660 1083 687 monade
1097 665 1305 693 componuntur.
1320 660 1430 692 Adhaec,
1456 665 1566 695 propter
1579 659 1758 695 transmigra-

971 705 1070 732 tiouem
1088 704 1249 736 animarum,
1276 712 1357 739 quam
1384 706 1468 733 stulto
1491 712 1556 733 sane
1578 705 1694 732 consilio
1713 712 1759 732 ve-

970 758 1027 776 ram
1056 754 1163 783 putant,
1183 750 1217 777 ab
1239 750 1368 778 animatis
1398 751 1551 783 abstinent;
1577 750 1675 778 deinde
1697 750 1758 785 quia

970 794 1107 830 ingenium
1124 799 1250 830 gravant,
1266 795 1302 822 ob
1325 795 1439 823 nimium
1462 795 1658 823 nutrimentum
1680 799 1707 823 et
1720 795 1761 822 di-

971 840 1134 874 gestioncnt.
1162 839 1234 873 Quin
1249 845 1276 868 et
1300 840 1377 868 fabas
1393 849 1447 868 non
1465 841 1563 874 edunt,
1579 841 1692 868 nimium
1715 847 1761 868 se-

972 886 1091 913 cundum
1113 893 1162 913 eos
1182 885 1314 913 iuﬂationi
1337 886 1482 919 obnoxias,
1504 892 1532 914 et
1547 886 1628 914 nimis
1644 886 1760 918 alentes,

973 931 1088 965 aliisque
1120 932 1153 958 de
1178 931 1279 963 causis,
1312 939 1373 966 qum
1400 930 1525 959 labarum
1559 938 1635 959 esum
1669 931 1762 966 prohi-

974 977 1056 1003 beant
1070 968 1136 1011 (V10).
1153 976 1273 1003 Plurima
1295 976 1465 1012 Pythagoras
1485 976 1644 1012 praedixisse
1665 975 1761 1007 ferlur,

974 1027 1000 1051 et
1024 1024 1114 1050 omnia
1143 1024 1287 1051 accidisse.
1319 1023 1458 1052 Platonem
1489 1031 1503 1051 a
1531 1023 1710 1059 Pythagoreis
1735 1022 1761 1050 in

975 1067 1048 1095 Italia
1065 1069 1262 1104 speculativam
1279 1074 1306 1097 et
1318 1069 1458 1105 physicam
1472 1070 1558 1101 aiunt,
1575 1074 1602 1096 et
1618 1076 1633 1096 a
1652 1068 1764 1096 Socrate

974 1114 1090 1141 ethicam
1106 1114 1254 1148 didicisse;
1272 1115 1343 1150 apud
1363 1114 1501 1142 ZenOuem
1518 1122 1593 1146 vero,
1610 1118 1639 1142 et
1652 1113 1765 1142 Parme-

974 1159 1064 1187 nidem
1081 1159 1188 1189 Eleatas
1204 1160 1378 1188 fundamenta
1399 1160 1500 1195 logices
1512 1160 1623 1195 iecisse,
1646 1159 1694 1194 qui
1707 1166 1765 1188 om-

975 1212 1022 1232 nes
1038 1213 1053 1233 e
1068 1205 1226 1242 Pythagora
1239 1207 1330 1234 schola
1344 1205 1459 1242 profecti
1475 1210 1550 1234 sunt.

130 1253 228 1288 ἠθικὴν
251 1255 368 1289 μάλιστα
392 1255 468 1290 παρὰ
492 1255 665 1290 Σωκράτους.
680 1255 736 1290 Τῆς
752 1254 780 1281 δὲ
805 1254 919 1288 λογικῆς
939 1252 1087 1288 σπέρματα
1110 1253 1276 1280 καταὸαλείν
1301 1253 1375 1289 αὑτῷ
1403 1253 1514 1288 Ζήνωνα
1548 1252 1595 1279 καὶ¹
1627 1251 1766 1287 Παρμενί-

130 1299 210 1334 δην¹¹ι
225 1300 288 1331 τοὺς
310 1300 452 1332 Ἑλεάτας⁴
470 1301 519 1328 καὶ
539 1298 611 1328 οὗτοι
623 1301 652 1328 δὲ
664 1302 714 1336 τῆς
735 1299 921 1335 Πυθαγορείου
939 1296 1011 1334 ἦσαν
1024 1298 1177 1334 διατριΰῆς.

169 1344 232 1371 Ὀτι
254 1345 270 1378 ὴ
294 1343 367 1379 ὅψις,
392 1344 465 1372 κατὰ
487 1345 651 1380 Πυθαγόραν
665 1345 713 1372 καὶ
731 1345 864 1372 Πλάτωνα
878 1343 925 1371 καὶ

140 1389 341 1425 Ἀριστοτέλην,
356 1389 411 1416 τῶν
425 1388 531 1417 δώδεκα
548 1390 702 1426 χρωμάτων
726 1391 785 1416 ἐστὶ
802 1389 923 1425 κριτικὴ,

132 1434 230 1461 λευκοῦ
245 1436 294 1462 καὶ
308 1436 423 1470 μέλανος
436 1437 484 1463 καὶ
500 1436 556 1462 τῶν
576 1435 691 1471 μεταξὺ,
705 1435 814 1469 ξανθοῦ,
831 1435 924 1471 φαιοῦ,

132 1479 236 1514 ὠχροῦ.
245 1479 375 1515 ἐρυθροῦ,
389 1481 503 1512 κυανοῦ.
519 1480 665 1516 ἁλουργοῦ,
678 1480 816 1515 λαμπροῦ,
829 1480 926 1515 ὀρφνί-

133 1526 222 1553 vou".
242 1526 275 1553 Ἦ
294 1526 323 1553 δὲ
338 1526 409 1562 ἀκοὴ
435 1528 545 1562 κριτική
565 1527 639 1554 ἐστιν
655 1526 730 1559 ὀξέος
756 1527 803 1552 καὶ
828 1525 925 1561 βαρέος
939 1548 961 1577 c

133 1571 264 1606 φθόγγου.
282 1572 315 1599 Ἠ
331 1572 359 1599 δὲ
375 1572 509 1608 δσφρησις
524 1573 635 1609 κριτικὴ
661 1572 770 1600 εὐωδῶν
791 1572 840 1600 καὶ
861 1572 926 1599 δυσ-

134 1618 210 1645 ωδῶν
221 1618 316 1653 ὀσμῶν
329 1619 377 1646 καὶ
388 1619 444 1646 τῶν
460 1619 563 1654 μεταξὺ
580 1619 611 1646 ὲκ
621 1620 645 1636 ⁷³
659 1619 824 1655 σηπομένων
838 1627 868 1646 τε
880 1620 928 1645 καὶ

136 1662 347 1700 βρεχομένων,ἥ
365 1664 526 1699 τηκομένων
543 1664 560 1700 ἢ
579 1663 789 1700 θυμιαζομένων
797 1663 830 1691 ⁷⁵.
854 1664 887 1690 Ἥ
899 1663 928 1690 δὲ

133 1710 228 1744 γεῦσις
245 1711 356 1746 κριτική
370 1711 458 1737 seu."
471 1710 594 1745 γλυκέων
606 1719 636 1737 τε
652 1711 700 1738 καὶ
713 1710 820 1746 πικρῶν
832 1710 928 1746 χυμῶν

133 1756 254 1783 καὶτῶν
273 1756 376 1791 μεταξὺ
399 1756 496 1784 πέντε·
514 1756 584 1783 ἑπτὰ
610 1757 664 1792 γάρ
691 1756 762 1783 εἰσιν
788 1756 815 1783 οἱ
847 1755 929 1791 χυμοὶ

134 1802 247 1835 πάντες,
272 1802 387 1836 γλυκὺς,
411 1802 520 1838 πικρὸς,
546 1802 620 1835 ὀξὺς,
648 1802 759 1838 δριμὺς,
781 1802 928 1837 σομφὸς⁷⁶,

134 1847 245 1879 ἁλυκὺς,
260 1848 406 1883 στρυφνὸς.
423 1848 456 1875 Ἦ
471 1848 500 1874 δὲ
517 1848 574 1883 ἁφὴ
588 1848 719 1874 πλειόνων
735 1848 793 1874 εστὶ
804 1847 928 1883 κριτικὴ,

134 1891 192 1920 οἷον
212 1893 320 1929 βαρέων
334 1894 382 1921 καὶ
389 1893 412 1910 ⁷⁷
426 1893 537 1928 κούφων
559 1893 607 1920 καὶ
619 1893 673 1921 τῶν
690 1892 803 1929 μεταξὺ,
819 1893 929 1928 θερμῶν

136 1947 165 1966 τε
180 1939 229 1966 καὶ
242 1938 356 1975 ψυχρῶν
371 1940 419 1966 καὶ
435 1939 490 1966 τῶν
503 1939 617 1976 μεταξὺ,
627 1939 836 1975 τραχέωντβκαὶ
849 1939 929 1966 λείων

137 1985 185 2011 καὶ
200 1983 256 2011 τῶν
273 1984 376 2019 μεταξὺ
386 1985 420 2017 ⁷⁸,
436 1985 528 2021 ξηρῶν
541 1985 589 2012 καὶ
604 1985 696 2020 ὑγρῶν
711 1985 759 2013 καὶ
773 1986 829 2013 τῶν
845 1994 929 2021 μετα-

138 2029 180 2062 ξύ.
198 2030 254 2056 Καὶ
269 2030 298 2056 al
317 2029 366 2065 μὲν
382 2029 406 2056 δ’
421 2030 565 2065 αἰσθήσεις
580 2029 609 2055 ἐν
624 2030 684 2056 es“
699 2031 733 2065 τῇ
749 2030 855 2065 κεφαλῇ
877 2030 930 2056 εἱσι

137 2075 186 2103 καὶ
210 2074 343 2107 [διάξουσι
366 2075 600 2110 περικλειονται⁸¹
622 2075 767 2111 ὀργάνοις·
789 2076 806 2110 ὴ
828 2075 856 2101 δὲ
874 2075 930 2110 ἁφὴ

139 2121 185 2148 καὶ
199 2121 245 2148 διὰ
259 2121 310 2156 τῆς
323 2122 449 2157 κεφαλῆς
464 2122 513 2149 καὶ
526 2121 560 2148 δι’
572 2121 635 2148 ὅλου
644 2121 668 2138 ⁸·
682 2121 730 2148 τοῦ
743 2121 868 2157 σώματος
886 2129 931 2148 κε-

139 2165 260 2201 χώρηκε,
283 2166 331 2193 καὶ
344 2166 403 2193 ἐστι
425 2166 503 2202 κοινὴ
525 2166 618 2201 πάσης
636 2166 802 2201 αἰσθήσεως,
829 2166 930 2201 μᾶλλον

137 2212 165 2240 δὲ
191 2212 262 2240 κατὰ
291 2213 342 2244 τὰς
369 2214 463 2248 χεῖρας
489 2212 637 2249 δηλοτέραν
645 2212 668 2229 ⁸³
696 2213 847 2248 παρέχεται
880 2213 930 2248 τὴν
947 2227 969 2255 D

139 2257 241 2293 κρίσιν.

174 2303 236 2330 ’Ὁτι
255 2302 360 2330 δώδεκα
375 2303 466 2337 τάξεις
487 2304 570 2340 φησὶν
591 2302 661 2332 εἶναι
677 2305 706 2332 ιν
721 2304 760 2340 τῷ
783 2304 932 2340 οὑρανῷεδ,

139 2348 253 2384 πρώτην
274 2351 322 2377 καὶ
345 2350 505 2383 ὲξωτάτω⁸⁵
519 2351 568 2386 τὴν
586 2351 693 2387 ἀπλανῆ
715 2352 844 2387 σφαῖραν,
870 2352 898 2378 ὲν

138 2396 215 2422 ἐστιν
229 2396 243 2422 ὃ
257 2404 286 2422 τε
301 2396 410 2431 πρῶτος
425 2397 492 2429 Θεὸς
505 2397 553 2424 καὶ
566 2397 590 2423 οἱ
607 2397 697 2433 νοητοὶ
713 2397 781 2430 θεοὶ,
795 2398 833 2430 ὡς
853 2397 929 2433 Ἀρι-

140 2441 260 2470 στοτέλει
274 2442 358 2475 δοκεῖ,
376 2443 447 2470 κατὰ
462 2443 491 2470 δὲ
506 2443 636 2470 Πλάτωνα
657 2444 685 2470 αἱ
703 2442 770 2470 ίδέαι
782 2451 788 2458 ’
807 2443 877 2478 μετὰ
899 2442 927 2468 δὲ

1015 1343 1100 1371 Juxta
1115 1343 1287 1380 Pythagorae,
1309 1344 1441 1377 Platonis,
1458 1349 1485 1372 et
1497 1344 1650 1372 Aristotelis
1662 1344 1769 1380 opinio—

979 1397 1052 1422 nem,
1076 1390 1218 1418 duodecim
1244 1391 1380 1419 coloribus
1397 1391 1495 1427 439!)
1525 1391 1620 1419 oculus
1651 1390 1768 1426 judicat,

980 1434 1013 1461 de
1031 1434 1104 1467 albo,
1125 1439 1151 1462 et
1171 1435 1260 1471 nigro,
1279 1436 1355 1463 etde
1372 1436 1480 1463 caeteris
1499 1435 1665 1469 interjectis,
1685 1434 1768 1468 ﬂavo,

980 1479 1067 1513 fusco,
1093 1481 1203 1515 pallido,
1223 1481 1317 1515 rubro,
1343 1481 1471 1515 caeruleo,
1495 1489 1648 1516 purpureo,
1675 1481 1768 1512 rutilo,

979 1532 1006 1555 et
1022 1527 1103 1555 luteo.
1125 1528 1164 1556 De
1189 1534 1267 1556 acuta
1283 1533 1311 1556 et
1327 1529 1402 1564 gravi
1417 1536 1485 1556 voce
1501 1528 1635 1564 judicium
1653 1527 1707 1556 fert
1723 1535 1771 1555 au-

979 1575 1027 1602 ris.
1045 1574 1181 1602 Odoratus
1195 1575 1281 1603 bonos
1298 1580 1325 1602 et
1337 1575 1423 1603 malos
1433 1575 1517 1604 sentit
1531 1575 1643 1607 odores,
1662 1579 1689 1602 et
1702 1575 1770 1602 alios

978 1620 1112 1655 putridos,
1142 1621 1281 1652 humidos,
1315 1621 1441 1656 liquidos.
1481 1624 1640 1656 vaporalos.
1673 1620 1769 1648 Gustui

980 1665 1068 1692 dulcia
1093 1667 1202 1701 sapiunt
1228 1670 1257 1694 et
1276 1674 1382 1699 amara,
1408 1671 1436 1693 et
1458 1666 1511 1693 alia
1534 1666 1655 1701 quinque
1668 1665 1768 1693 media.

979 1709 1007 1737 In
1024 1710 1182 1739 universum
1206 1716 1296 1739 autem
1316 1716 1419 1746 septem
1447 1715 1510 1738 sunt
1525 1717 1646 1746 sapores,
1671 1709 1770 1743 dulcis,

981 1762 1100 1789 amarus,
1130 1763 1220 1790 asper,
1253 1755 1358 1788 acidus,
1386 1755 1477 1783 mollis
1504 1755 1603 1787 salsus,
1633 1759 1772 1782 austerus.

980 1801 1165 1830 Plurimorum
1187 1809 1287 1830 censor
1301 1807 1343 1830 est
1359 1806 1459 1830 tactus.
1480 1801 1580 1837 Tangit
1592 1801 1664 1828 enim
1679 1800 1773 1836 gravia

980 1853 1008 1875 et
1019 1848 1102 1881 levia,
1119 1852 1147 1876 et
1160 1856 1221 1884 quae
1237 1850 1309 1876 Inter
1328 1849 1385 1876 haec
1400 1852 1484 1881 sunt;
1501 1847 1587 1875 calida
1605 1847 1670 1874 item
1683 1851 1711 1874 et
1724 1846 1773 1873 l'ri-

980 1894 1053 1929 gida,
1066 1898 1093 1922 et
1110 1901 1171 1929 qua:
1184 1893 1364 1928 interiacent;
1389 1894 1455 1921 dura
1472 1898 1500 1921 et
1515 1893 1616 1924 mollia.
1636 1896 1663 1920 et
1675 1892 1774 1919 horum

981 1940 1087 1974 media;
1108 1940 1191 1973 sicca,
1216 1945 1244 1968 et
1263 1940 1386 1973 humida,
1408 1944 1435 1967 et
1455 1947 1515 1975 quae
1530 1939 1677 1966 intersunt.
1701 1938 1775 1966 Reli-

981 1987 1027 2021 qui
1052 1986 1162 2021 quidem
1185 1989 1305 2020 quatuor
1325 1992 1423 2012 sensus
1444 1985 1471 2012 in
1496 1984 1554 2012 solo
1568 1984 1658 2019 capite
1676 1983 1774 2011 statio-

981 2040 1042 2060 nem
1060 2032 1170 2064 habeut,
1192 2035 1220 2058 ct
1242 2031 1352 2066 propria
1381 2035 1517 2065 occupant
1531 2037 1645 2066 organa.
1658 2029 1713 2057 Sed
1727 2035 1776 2063 per

982 2083 1073 2113 caput,
1100 2082 1128 2105 et
1151 2081 1238 2105 totum
1264 2084 1366 2112 corpus
1397 2076 1504 2104 habitat
1531 2080 1632 2109 tactus,
1659 2074 1775 2110 aliisque

982 2125 1110 2153 sensibus
1124 2123 1279 2152 communis
1292 2127 1334 2150 est
1348 2130 1356 2149 :
1381 2123 1409 2150 in
1422 2122 1546 2150 manibus
1558 2125 1647 2150 autem
1660 2127 1775 2156 praeser-

983 2173 1031 2201 tim
1052 2172 1093 2199 vis
1109 2170 1183 2198 illius
1197 2169 1309 2197 emicat.

1019 2305 1155 2333 Asserunt
1176 2304 1289 2338 insuper
1308 2301 1449 2330 duodecim
1471 2301 1552 2329 orbes
1568 2301 1596 2328 in
1620 2299 1689 2328 ccelo
1705 2306 1776 2332 esse,

982 2355 1010 2379 et
1026 2351 1145 2386 primum
1163 2349 1272 2384 quidem
1285 2354 1314 2376 et
1331 2348 1544 2376 remotissimum
1559 2346 1773 2377 ﬁrmamentum,

981 2397 1027 2424 ubi
1047 2401 1074 2424 et
1092 2403 1215 2423 summus
1237 2395 1317 2426 Deus,
1333 2393 1480 2428 cacterique
1503 2391 1683 2427 intelligentia
1707 2397 1777 2426 prte-

982 2442 1032 2470 diti
1052 2442 1100 2476 dii,
1118 2447 1150 2469 ut
1170 2445 1249 2468 vocat
1269 2439 1439 2472 Aristoteles,
1456 2442 1504 2466 aut
1517 2438 1668 2466 secundum
1680 2436 1774 2465 Plato‘

766 2517 881 2546 VARUS
907 2517 1111 2546 LECTIONES.

175 2573 279 2610 ⁶Ἀῷστε
296 2574 380 2610 μονάς
395 2581 453 2610 rom.
470 2574 502 2610 Βξ
523 2573 562 2610 7"
577 2582 643 2609 φησι
660 2574 694 2602 Α.
731 2575 754 2591 ⁷⁸
768 2575 969 2610 παραμενείδην
984 2575 1016 2602 Α.
1055 2576 1078 2591 ⁷³
1092 2574 1204 2610 ὀρφνίου
1234 2573 1334 2610 Suidas
1347 2580 1373 2610 ν.
1395 2573 1486 2610 Ὄψις.

1539 2573 1562 2589 ⁷⁸
1579 2573 1612 2599 ὲκ
1625 2572 1646 2598 Β
1657 2576 1684 2599 et
1699 2578 1776 2599 corr,

138 2610 179 2636 A:
194 2608 224 2641 ἓξ
235 2617 265 2640 ς.
281 2606 337 2636 oin.
354 2608 462 2637 Suidas.
484 2609 508 2625 "'
521 2606 702 2643 θυμιωμένων
714 2606 824 2637 Suidas.
844 2606 850 2610 ’
865 2610 887 2626 ’⁷³
897 2606 955 2636 έστὶ
971 2615 998 2636 et
1012 2611 1037 2636 οἱ
1054 2615 1080 2643 et
1097 2606 1198 2640 πάντες
1214 2616 1269 2636 om.
1288 2607 1395 2635 Suiilas.
1435 2606 1458 2623 ⁷⁸
1470 2606 1585 2643 σομφὸς]
1599 2607 1702 2642 στυφὺς
1713 2615 1782 2643 σομ-

140 2644 189 2678 φὺς
202 2644 309 2671 Suitlas.
348 2644 369 2659 '"
385 2644 433 2670 καὶ
446 2649 508 2672 ante
523 2641 631 2678 κοῦφιον
652 2645 754 2678 sumpsi
772 2652 788 2671 a
808 2645 915 2677 Suida.,
927 2645 972 2678 qui
988 2653 1042 2672 om.
1056 2642 1112 2671 οἷον
1129 2648 1158 2671 et
1173 2643 1283 2679 θερμῶν
1300 2652 1330 2669 τε
1343 2641 1518 2679 καὶγψυχρῶν
1529 2641 1584 2679 καῖ
1594 2642 1648 2668 τῶν
1662 2641 1778 2679 μεταξύΓ

139 2676 162 2695 ⁶⁸
172 2679 297 2714 τραχέων
311 2679 360 2705 καὶ
372 2678 398 2706 λ,
410 2679 457 2705 καὶ
472 2679 525 2706 τῶν
539 2688 569 2714 μ.
581 2676 645 2714 ὀῐιιἶ
656 2679 688 2706 Δ.
715 2676 748 2695 ’⁷³
761 2680 809 2706 καὶ
825 2679 880 2706 τῶν
894 2676 995 2714 μεταξὺ
1006 2688 1060 2707 om.
1079 2679 1188 2707 Suidas.
1206 2676 1212 2679 ⁷
1226 2676 1251 2694 ³ο
1267 2687 1297 2705 τε
1309 2686 1364 2714 om.
1389 2676 1497 2714 suidas.
1537 2676 1701 2714 ⁸[περικλ.]
1723 2677 1781 2714 οιαὶ

139 2709 251 2750 περικῗ.
265 2712 391 2750 _Suidas.
411 2713 451 2750 ξ’
467 2709 608 2750 {ilco-om.
635 2713 744 2742 Suidas.
783 2714 806 2731 Ia
821 2709 1006 2750 δηλοτέρανἏ
1019 2725 1025 2742 :
1039 2714 1234 2749 ὲπιδηλοτέραν
1249 2722 1279 2746 ς.
1317 2713 1340 2728 ⁸⁵
1358 2714 1387 2739 ἐν
1404 2713 1443 2748 τῷ
1467 2711 1574 2748 οὐρανῷ
1603 2709 1780 2747 ᾠησινέῐνα.

143 2747 192 2776 καὶ
215 2747 329 2784 πρώτην
344 2757 375 2780 ς.
409 2748 432 2764 ⁸⁸
450 2749 590 2785 ὲξωτάτην
601 2758 635 2781 ς.

901 2797 1016 2825 NOTIE.

178 2855 234 2892 (10)
247 2855 288 2885 Al)
301 2856 429 2885 animatis
441 2861 468 2886 et
483 2856 551 2885 l'abis
563 2863 611 2884 cur
621 2856 785 2890 abstineant,
802 2855 864 2885 Vide
878 2855 1055 2890 Porphyrium
1076 2860 1103 2884 et
1117 2854 1250 2890 Asellium
1266 2853 1313 2882 lib.
1329 2861 1366 2886 tv,
1383 2859 1441 2888 cap.
1457 2851 1497 2879 ll.
