  <div class='ocr_page' id='page_1' title='image "/cluster/home/n/w/nwhite01/storage/ocr_20150623/103/njp.32101010943882/925.png"; bbox 0 0 1923 3093; ppageno 0'>
   <div class='ocr_carea' id='block_1_1' title="bbox 151 133 220 165">
    <p class='ocr_par' dir='ltr' id='par_1_1' title="bbox 151 133 220 165">
     <span class='ocr_line' id='line_1_1' title="bbox 151 133 220 165; baseline 0.014 -1"><span class='ocrx_word' id='word_1_1' title='bbox 151 133 220 165; x_wconf 75' lang='grc'><strong>1583</strong></span> 
     </span>
    </p>
   </div>
   <div class='ocr_carea' id='block_1_2' title="bbox 724 130 1201 162">
    <p class='ocr_par' dir='ltr' id='par_1_2' title="bbox 724 130 1201 162">
     <span class='ocr_line' id='line_1_2' title="bbox 724 130 1201 162; baseline 0.002 -3"><span class='ocrx_word' id='word_1_2' title='bbox 724 130 856 160; x_wconf 86' lang='grc' dir='ltr'>ΡΗΟΤΠ</span> <span class='ocrx_word' id='word_1_3' title='bbox 876 130 1128 162; x_wconf 78' lang='lat' dir='ltr'><strong>PATRIARCH/E</strong></span> <span class='ocrx_word' id='word_1_4' title='bbox 1147 131 1201 162; x_wconf 91' lang='lat' dir='ltr'><strong>CP.</strong></span> 
     </span>
    </p>
   </div>
   <div class='ocr_carea' id='block_1_3' title="bbox 1707 128 1779 163">
    <p class='ocr_par' dir='ltr' id='par_1_3' title="bbox 1707 128 1779 163">
     <span class='ocr_line' id='line_1_3' title="bbox 1707 128 1779 163; baseline 0.028 -2"><span class='ocrx_word' id='word_1_5' title='bbox 1707 128 1779 163; x_wconf 73' lang='grc'><strong>1584</strong></span> 
     </span>
    </p>
   </div>
   <div class='ocr_carea' id='block_1_4' title="bbox 150 185 942 223">
    <p class='ocr_par' dir='ltr' id='par_1_4' title="bbox 150 187 934 223">
     <span class='ocr_line' id='line_1_4' title="bbox 150 187 934 223; baseline -0.004 -4"><span class='ocrx_word' id='word_1_6' title='bbox 150 199 225 223; x_wconf 81' lang='lat' dir='ltr'><strong>nem.</strong></span> <span class='ocrx_word' id='word_1_7' title='bbox 251 190 328 218; x_wconf 73' lang='lat' dir='ltr'><strong>ideae.</strong></span> <span class='ocrx_word' id='word_1_8' title='bbox 356 187 457 216; x_wconf 79' lang='lat' dir='ltr'><strong>Deinde</strong></span> <span class='ocrx_word' id='word_1_9' title='bbox 490 191 594 222; x_wconf 83' lang='lat' dir='ltr'><strong>septem</strong></span> <span class='ocrx_word' id='word_1_10' title='bbox 627 187 743 222; x_wconf 72' lang='lat' dir='ltr'><strong>planetae</strong></span> <span class='ocrx_word' id='word_1_11' title='bbox 771 193 934 223; x_wconf 86' lang='lat' dir='ltr'><strong>sequuntur,</strong></span> 
     </span>
    </p>
   </div>
   <div class='ocr_carea' id='block_1_5' title="bbox 994 185 1775 223">
    <p class='ocr_par' dir='ltr' id='par_1_5' title="bbox 994 185 1775 223">
     <span class='ocr_line' id='line_1_5' title="bbox 994 185 1775 223; baseline 0 -10"><span class='ocrx_word' id='word_1_12' title='bbox 994 186 1035 223; x_wconf 71' lang='grc' dir='ltr'>ςὴν</span> <span class='ocrx_word' id='word_1_13' title='bbox 1057 187 1164 223; x_wconf 79' lang='grc' dir='ltr'>ἀπλανῆ</span> <span class='ocrx_word' id='word_1_14' title='bbox 1189 188 1204 214; x_wconf 93' lang='lat'><strong>6</strong></span> <span class='ocrx_word' id='word_1_15' title='bbox 1226 187 1272 214; x_wconf 83' lang='grc' dir='ltr'><strong>τοῦ</strong></span> <span class='ocrx_word' id='word_1_16' title='bbox 1290 187 1396 223; x_wconf 77' lang='grc' dir='ltr'><strong>Κρόνου</strong></span> <span class='ocrx_word' id='word_1_17' title='bbox 1418 186 1549 214; x_wconf 78' lang='grc' dir='ltr'>τέτακται</span> <span class='ocrx_word' id='word_1_18' title='bbox 1573 185 1660 222; x_wconf 78' lang='grc' dir='ltr'>ἀστὴρ</span> <span class='ocrx_word' id='word_1_19' title='bbox 1676 187 1725 213; x_wconf 75' lang='grc' dir='ltr'><strong>καὶ</strong></span> <span class='ocrx_word' id='word_1_20' title='bbox 1749 187 1775 213; x_wconf 83' lang='grc' dir='ltr'><strong>οι</strong></span> 
     </span>
    </p>
   </div>
   <div class='ocr_carea' id='block_1_6' title="bbox 152 233 938 270">
    <p class='ocr_par' dir='ltr' id='par_1_6' title="bbox 152 233 938 270">
     <span class='ocr_line' id='line_1_6' title="bbox 152 233 938 270; baseline -0.004 -5"><span class='ocrx_word' id='word_1_21' title='bbox 152 237 274 270; x_wconf 76' lang='lat' dir='ltr'><strong>Saturni,</strong></span> <span class='ocrx_word' id='word_1_22' title='bbox 300 235 388 267; x_wconf 73' lang='lat' dir='ltr'><strong>lovis,</strong></span> <span class='ocrx_word' id='word_1_23' title='bbox 406 234 498 262; x_wconf 82' lang='lat' dir='ltr'><strong>Martis</strong></span> <span class='ocrx_word' id='word_1_24' title='bbox 521 233 647 262; x_wconf 86' lang='lat' dir='ltr'><strong>Veneris.</strong></span> <span class='ocrx_word' id='word_1_25' title='bbox 669 233 807 268; x_wconf 79' lang='lat' dir='ltr'><strong>Mercurii,</strong></span> <span class='ocrx_word' id='word_1_26' title='bbox 831 235 897 262; x_wconf 87' lang='lat' dir='ltr'><strong>solis</strong></span> <span class='ocrx_word' id='word_1_27' title='bbox 910 239 938 263; x_wconf 86' lang='lat' dir='ltr'><strong>et</strong></span> 
     </span>
    </p>
   </div>
   <div class='ocr_carea' id='block_1_7' title="bbox 151 281 938 318">
    <p class='ocr_par' dir='ltr' id='par_1_7' title="bbox 151 281 938 318">
     <span class='ocr_line' id='line_1_7' title="bbox 151 281 938 318; baseline -0.004 -7"><span class='ocrx_word' id='word_1_28' title='bbox 151 285 237 316; x_wconf 68' lang='lat' dir='ltr'><strong>Itium;</strong></span> <span class='ocrx_word' id='word_1_29' title='bbox 255 286 314 318; x_wconf 90' lang='lat' dir='ltr'><strong>post</strong></span> <span class='ocrx_word' id='word_1_30' title='bbox 329 281 450 316; x_wconf 75' lang='lat' dir='ltr'><strong>planetas</strong></span> <span class='ocrx_word' id='word_1_31' title='bbox 464 281 544 316; x_wconf 79' lang='lat' dir='ltr'><strong>ignis,</strong></span> <span class='ocrx_word' id='word_1_32' title='bbox 559 288 620 308; x_wconf 80' lang='lat' dir='ltr'><strong>mox</strong></span> <span class='ocrx_word' id='word_1_33' title='bbox 641 287 700 313; x_wconf 89' lang='lat' dir='ltr'><strong>aer,</strong></span> <span class='ocrx_word' id='word_1_34' title='bbox 718 288 798 315; x_wconf 87' lang='lat' dir='ltr'><strong>quem</strong></span> <span class='ocrx_word' id='word_1_35' title='bbox 814 281 938 316; x_wconf 73' lang='lat' dir='ltr'><strong>sequitur</strong></span> 
     </span>
    </p>
   </div>
   <div class='ocr_carea' id='block_1_8' title="bbox 151 326 937 364">
    <p class='ocr_par' dir='ltr' id='par_1_8' title="bbox 151 326 937 364">
     <span class='ocr_line' id='line_1_8' title="bbox 151 326 937 364; baseline -0.003 -8"><span class='ocrx_word' id='word_1_36' title='bbox 151 337 234 364; x_wconf 88' lang='lat' dir='ltr'><strong>aqua,</strong></span> <span class='ocrx_word' id='word_1_37' title='bbox 251 328 377 356; x_wconf 91' lang='lat' dir='ltr'><strong>omnibus</strong></span> <span class='ocrx_word' id='word_1_38' title='bbox 394 326 488 354; x_wconf 90' lang='lat' dir='ltr'><strong>ultima</strong></span> <span class='ocrx_word' id='word_1_39' title='bbox 510 326 604 355; x_wconf 89' lang='lat' dir='ltr'><strong>subest</strong></span> <span class='ocrx_word' id='word_1_40' title='bbox 619 326 709 353; x_wconf 89' lang='lat' dir='ltr'><strong>tellus.</strong></span> <span class='ocrx_word' id='word_1_41' title='bbox 727 327 874 354; x_wconf 85' lang='lat' dir='ltr'><strong>Duodecim</strong></span> <span class='ocrx_word' id='word_1_42' title='bbox 891 334 937 354; x_wconf 82' lang='lat' dir='ltr'><strong>or-</strong></span> 
     </span>
    </p>
   </div>
   <div class='ocr_carea' id='block_1_9' title="bbox 151 373 939 407">
    <p class='ocr_par' dir='ltr' id='par_1_9' title="bbox 151 373 939 407">
     <span class='ocr_line' id='line_1_9' title="bbox 151 373 939 407; baseline -0.003 -5"><span class='ocrx_word' id='word_1_43' title='bbox 151 375 225 403; x_wconf 88' lang='lat' dir='ltr'><strong>bium</strong></span> <span class='ocrx_word' id='word_1_44' title='bbox 251 374 450 402; x_wconf 86' lang='lat' dir='ltr'><strong>firmamentum</strong></span> <span class='ocrx_word' id='word_1_45' title='bbox 473 379 555 400; x_wconf 82' lang='lat' dir='ltr'><strong>causa</strong></span> <span class='ocrx_word' id='word_1_46' title='bbox 577 376 619 399; x_wconf 87' lang='lat' dir='ltr'><strong>est</strong></span> <span class='ocrx_word' id='word_1_47' title='bbox 639 373 724 407; x_wconf 90' lang='lat' dir='ltr'><strong>prima</strong></span> <span class='ocrx_word' id='word_1_48' title='bbox 744 381 750 400; x_wconf 93' lang='lat'><strong>:</strong></span> <span class='ocrx_word' id='word_1_49' title='bbox 782 377 808 400; x_wconf 91' lang='lat' dir='ltr'><strong>et</strong></span> <span class='ocrx_word' id='word_1_50' title='bbox 835 377 939 407; x_wconf 87' lang='lat' dir='ltr'><strong>quanto</strong></span> 
     </span>
    </p>
   </div>
   <div class='ocr_carea' id='block_1_10' title="bbox 152 417 941 457">
    <p class='ocr_par' dir='ltr' id='par_1_10' title="bbox 152 417 941 457">
     <span class='ocr_line' id='line_1_10' title="bbox 152 417 941 457; baseline -0.003 -9"><span class='ocrx_word' id='word_1_51' title='bbox 152 421 277 457; x_wconf 81' lang='lat' dir='ltr'><strong>quodque</strong></span> <span class='ocrx_word' id='word_1_52' title='bbox 310 419 347 446; x_wconf 85' lang='lat' dir='ltr'><strong>illi</strong></span> <span class='ocrx_word' id='word_1_53' title='bbox 380 419 505 451; x_wconf 88' lang='lat' dir='ltr'><strong>vicinius,</strong></span> <span class='ocrx_word' id='word_1_54' title='bbox 544 422 619 445; x_wconf 87' lang='lat' dir='ltr'><strong>tanto</strong></span> <span class='ocrx_word' id='word_1_55' title='bbox 648 417 732 445; x_wconf 85' lang='lat' dir='ltr'><strong>etiam</strong></span> <span class='ocrx_word' id='word_1_56' title='bbox 758 417 865 446; x_wconf 74' lang='lat' dir='ltr'><strong>ﬁrmius</strong></span> <span class='ocrx_word' id='word_1_57' title='bbox 912 422 941 446; x_wconf 88' lang='lat' dir='ltr'><strong>et</strong></span> 
     </span>
    </p>
   </div>
   <div class='ocr_carea' id='block_1_11' title="bbox 152 462 939 499">
    <p class='ocr_par' dir='ltr' id='par_1_11' title="bbox 152 462 939 499">
     <span class='ocr_line' id='line_1_11' title="bbox 152 462 939 499; baseline -0.005 -5"><span class='ocrx_word' id='word_1_58' title='bbox 152 467 250 494; x_wconf 90' lang='lat' dir='ltr'><strong>melius</strong></span> <span class='ocrx_word' id='word_1_59' title='bbox 270 473 330 493; x_wconf 87' lang='lat' dir='ltr'><strong>esse</strong></span> <span class='ocrx_word' id='word_1_60' title='bbox 355 465 484 492; x_wconf 88' lang='lat' dir='ltr'><strong>aiunt-et</strong></span> <span class='ocrx_word' id='word_1_61' title='bbox 514 471 574 498; x_wconf 74' lang='lat' dir='ltr'><strong>qua:</strong></span> <span class='ocrx_word' id='word_1_62' title='bbox 603 463 707 499; x_wconf 80' lang='lat' dir='ltr'><strong>longius</strong></span> <span class='ocrx_word' id='word_1_63' title='bbox 739 462 854 495; x_wconf 81' lang='lat' dir='ltr'><strong>absunt.</strong></span> <span class='ocrx_word' id='word_1_64' title='bbox 885 470 939 491; x_wconf 87' lang='lat' dir='ltr'><strong>non</strong></span> 
     </span>
    </p>
   </div>
   <div class='ocr_carea' id='block_1_12' title="bbox 153 509 941 545">
    <p class='ocr_par' dir='ltr' id='par_1_12' title="bbox 153 509 941 545">
     <span class='ocr_line' id='line_1_12' title="bbox 153 509 941 545; baseline -0.005 -5"><span class='ocrx_word' id='word_1_65' title='bbox 153 514 190 540; x_wconf 88' lang='lat' dir='ltr'><strong>ita</strong></span> <span class='ocrx_word' id='word_1_66' title='bbox 207 512 282 539; x_wconf 84' lang='lat' dir='ltr'><strong>ﬁrma</strong></span> <span class='ocrx_word' id='word_1_67' title='bbox 303 515 384 544; x_wconf 86' lang='lat' dir='ltr'><strong>sunt;</strong></span> <span class='ocrx_word' id='word_1_68' title='bbox 412 515 439 537; x_wconf 90' lang='lat' dir='ltr'><strong>et</strong></span> <span class='ocrx_word' id='word_1_69' title='bbox 463 517 548 545; x_wconf 85' lang='lat' dir='ltr'><strong>usque</strong></span> <span class='ocrx_word' id='word_1_70' title='bbox 577 509 610 537; x_wconf 89' lang='lat' dir='ltr'><strong>ad</strong></span> <span class='ocrx_word' id='word_1_71' title='bbox 625 509 715 536; x_wconf 89' lang='lat' dir='ltr'><strong>lunam</strong></span> <span class='ocrx_word' id='word_1_72' title='bbox 732 509 777 537; x_wconf 86' lang='lat' dir='ltr'><strong>hic</strong></span> <span class='ocrx_word' id='word_1_73' title='bbox 802 509 868 536; x_wconf 86' lang='lat' dir='ltr'><strong>ordo</strong></span> <span class='ocrx_word' id='word_1_74' title='bbox 883 516 941 536; x_wconf 80' lang='lat' dir='ltr'><strong>ser-</strong></span> 
     </span>
    </p>
   </div>
   <div class='ocr_carea' id='block_1_13' title="bbox 152 554 941 590">
    <p class='ocr_par' dir='ltr' id='par_1_13' title="bbox 152 554 941 590">
     <span class='ocr_line' id='line_1_13' title="bbox 152 554 941 590; baseline -0.006 -4"><span class='ocrx_word' id='word_1_75' title='bbox 152 564 248 590; x_wconf 86' lang='lat' dir='ltr'><strong>vatur,</strong></span> <span class='ocrx_word' id='word_1_76' title='bbox 278 558 350 585; x_wconf 89' lang='lat' dir='ltr'><strong>infra</strong></span> <span class='ocrx_word' id='word_1_77' title='bbox 383 557 475 584; x_wconf 90' lang='lat' dir='ltr'><strong>lunam</strong></span> <span class='ocrx_word' id='word_1_78' title='bbox 519 555 641 584; x_wconf 85' lang='lat' dir='ltr'><strong>minime.</strong></span> <span class='ocrx_word' id='word_1_79' title='bbox 677 554 834 582; x_wconf 83' lang='lat' dir='ltr'><strong>Necessaria</strong></span> <span class='ocrx_word' id='word_1_80' title='bbox 876 562 941 581; x_wconf 87' lang='lat' dir='ltr'><strong>vero</strong></span> 
     </span>
    </p>
   </div>
   <div class='ocr_carea' id='block_1_14' title="bbox 152 600 941 636">
    <p class='ocr_par' dir='ltr' id='par_1_14' title="bbox 152 600 941 636">
     <span class='ocr_line' id='line_1_14' title="bbox 152 600 941 636; baseline -0.006 -5"><span class='ocrx_word' id='word_1_81' title='bbox 152 604 242 632; x_wconf 85' lang='lat' dir='ltr'><strong>omnia</strong></span> <span class='ocrx_word' id='word_1_82' title='bbox 259 603 328 631; x_wconf 90' lang='lat' dir='ltr'><strong>mala</strong></span> <span class='ocrx_word' id='word_1_83' title='bbox 349 609 420 630; x_wconf 87' lang='lat' dir='ltr'><strong>terra</strong></span> <span class='ocrx_word' id='word_1_84' title='bbox 445 603 574 633; x_wconf 88' lang='lat' dir='ltr'><strong>sustinet,</strong></span> <span class='ocrx_word' id='word_1_85' title='bbox 603 601 822 636; x_wconf 77' lang='lat' dir='ltr'><strong>quandoquidem</strong></span> <span class='ocrx_word' id='word_1_86' title='bbox 853 600 941 628; x_wconf 88' lang='lat' dir='ltr'><strong>instar</strong></span> 
     </span>
    </p>
   </div>
   <div class='ocr_carea' id='block_1_15' title="bbox 152 645 941 679">
    <p class='ocr_par' dir='ltr' id='par_1_15' title="bbox 152 645 941 679">
     <span class='ocr_line' id='line_1_15' title="bbox 152 645 941 679; baseline -0.006 -3"><span class='ocrx_word' id='word_1_87' title='bbox 152 649 227 676; x_wconf 86' lang='lat' dir='ltr'><strong>fundi</strong></span> <span class='ocrx_word' id='word_1_88' title='bbox 253 653 339 676; x_wconf 87' lang='lat' dir='ltr'><strong>totum</strong></span> <span class='ocrx_word' id='word_1_89' title='bbox 363 647 492 674; x_wconf 91' lang='lat' dir='ltr'><strong>mundum</strong></span> <span class='ocrx_word' id='word_1_90' title='bbox 503 646 622 674; x_wconf 87' lang='lat' dir='ltr'><strong>sustinet</strong></span> <span class='ocrx_word' id='word_1_91' title='bbox 638 651 665 673; x_wconf 89' lang='lat' dir='ltr'><strong>et</strong></span> <span class='ocrx_word' id='word_1_92' title='bbox 681 645 881 679; x_wconf 71' lang='lat' dir='ltr'><strong>receptaculum</strong></span> <span class='ocrx_word' id='word_1_93' title='bbox 894 653 941 672; x_wconf 91' lang='lat' dir='ltr'><strong>ne-</strong></span> 
     </span>
    </p>
   </div>
   <div class='ocr_carea' id='block_1_16' title="bbox 153 690 941 726">
    <p class='ocr_par' dir='ltr' id='par_1_16' title="bbox 153 690 941 726">
     <span class='ocr_line' id='line_1_16' title="bbox 153 690 941 726; baseline -0.004 -5"><span class='ocrx_word' id='word_1_94' title='bbox 153 693 301 721; x_wconf 78' lang='lat' dir='ltr'><strong>cessarium</strong></span> <span class='ocrx_word' id='word_1_95' title='bbox 314 697 356 720; x_wconf 85' lang='lat' dir='ltr'><strong>est</strong></span> <span class='ocrx_word' id='word_1_96' title='bbox 369 699 463 719; x_wconf 89' lang='lat' dir='ltr'><strong>eorum</strong></span> <span class='ocrx_word' id='word_1_97' title='bbox 475 699 535 726; x_wconf 71' lang='lat' dir='ltr'><strong>qua:</strong></span> <span class='ocrx_word' id='word_1_98' title='bbox 548 691 574 717; x_wconf 92' lang='lat' dir='ltr'><strong>in</strong></span> <span class='ocrx_word' id='word_1_99' title='bbox 593 691 647 717; x_wconf 93' lang='lat' dir='ltr'><strong>imo</strong></span> <span class='ocrx_word' id='word_1_100' title='bbox 659 690 823 718; x_wconf 87' lang='lat' dir='ltr'><strong>subsistunt.</strong></span> <span class='ocrx_word' id='word_1_101' title='bbox 845 690 877 718; x_wconf 85' lang='lat' dir='ltr'><strong>Et</strong></span> <span class='ocrx_word' id='word_1_102' title='bbox 893 691 941 718; x_wconf 86' lang='lat' dir='ltr'><strong>has</strong></span> 
     </span>
    </p>
   </div>
   <div class='ocr_carea' id='block_1_17' title="bbox 158 736 941 774">
    <p class='ocr_par' dir='ltr' id='par_1_17' title="bbox 158 736 941 774">
     <span class='ocr_line' id='line_1_17' title="bbox 158 736 941 774; baseline -0.005 -6"><span class='ocrx_word' id='word_1_103' title='bbox 158 747 254 768; x_wconf 85' lang='lat' dir='ltr'><strong>omnes</strong></span> <span class='ocrx_word' id='word_1_104' title='bbox 275 743 366 774; x_wconf 82' lang='lat' dir='ltr'><strong>partes</strong></span> <span class='ocrx_word' id='word_1_105' title='bbox 391 737 576 773; x_wconf 83' lang='lat' dir='ltr'><strong>providentia,</strong></span> <span class='ocrx_word' id='word_1_106' title='bbox 603 737 737 770; x_wconf 85' lang='lat' dir='ltr'><strong>firmaque</strong></span> <span class='ocrx_word' id='word_1_107' title='bbox 759 736 941 770; x_wconf 87' lang='lat' dir='ltr'><strong>ordinatione,</strong></span> 
     </span>
    </p>
   </div>
   <div class='ocr_carea' id='block_1_18' title="bbox 156 783 944 820">
    <p class='ocr_par' dir='ltr' id='par_1_18' title="bbox 156 783 944 820">
     <span class='ocr_line' id='line_1_18' title="bbox 156 783 944 820; baseline -0.005 -6"><span class='ocrx_word' id='word_1_108' title='bbox 156 792 184 814; x_wconf 87' lang='lat' dir='ltr'><strong>et</strong></span> <span class='ocrx_word' id='word_1_109' title='bbox 203 786 292 813; x_wconf 87' lang='lat' dir='ltr'><strong>divina</strong></span> <span class='ocrx_word' id='word_1_110' title='bbox 310 784 424 820; x_wconf 87' lang='lat' dir='ltr'><strong>quadam</strong></span> <span class='ocrx_word' id='word_1_111' title='bbox 451 783 614 811; x_wconf 75' lang='lat' dir='ltr'><strong>necessitate</strong></span> <span class='ocrx_word' id='word_1_112' title='bbox 641 783 696 809; x_wconf 90' lang='lat' dir='ltr'><strong>Deo</strong></span> <span class='ocrx_word' id='word_1_113' title='bbox 725 783 843 817; x_wconf 84' lang='lat' dir='ltr'><strong>propria,</strong></span> <span class='ocrx_word' id='word_1_114' title='bbox 867 783 944 810; x_wconf 87' lang='lat' dir='ltr'><strong>aiunt</strong></span> 
     </span>
    </p>
   </div>
   <div class='ocr_carea' id='block_1_19' title="bbox 152 820 940 867">
    <p class='ocr_par' dir='ltr' id='par_1_19' title="bbox 152 820 940 867">
     <span class='ocr_line' id='line_1_19' title="bbox 152 820 940 867; baseline -0.004 -8"><span class='ocrx_word' id='word_1_115' title='bbox 152 831 308 867; x_wconf 79' lang='lat' dir='ltr'><strong>gubernari.</strong></span> <span class='ocrx_word' id='word_1_116' title='bbox 327 830 379 858; x_wconf 89' lang='lat' dir='ltr'><strong>Sed</strong></span> <span class='ocrx_word' id='word_1_117' title='bbox 395 837 455 864; x_wconf 70' lang='lat' dir='ltr'><strong>quae</strong></span> <span class='ocrx_word' id='word_1_118' title='bbox 478 828 546 856; x_wconf 82' lang='lat' dir='ltr'><strong>intra</strong></span> <span class='ocrx_word' id='word_1_119' title='bbox 575 828 663 855; x_wconf 88' lang='lat' dir='ltr'><strong>lunam</strong></span> <span class='ocrx_word' id='word_1_120' title='bbox 687 820 803 863; x_wconf 75' lang='lat' dir='ltr'><strong>quatuor</strong></span> <span class='ocrx_word' id='word_1_121' title='bbox 827 830 940 856; x_wconf 85' lang='lat' dir='ltr'><strong>causis:</strong></span> 
     </span>
    </p>
   </div>
   <div class='ocr_carea' id='block_1_20' title="bbox 152 873 940 910">
    <p class='ocr_par' dir='ltr' id='par_1_20' title="bbox 152 873 940 910">
     <span class='ocr_line' id='line_1_20' title="bbox 152 873 940 910; baseline -0.004 -5"><span class='ocrx_word' id='word_1_122' title='bbox 152 879 217 910; x_wconf 85' lang='lat' dir='ltr'><strong>Deo,</strong></span> <span class='ocrx_word' id='word_1_123' title='bbox 236 877 301 909; x_wconf 83' lang='lat' dir='ltr'><strong>fato,</strong></span> <span class='ocrx_word' id='word_1_124' title='bbox 314 880 406 903; x_wconf 92' lang='lat' dir='ltr'><strong>nostro</strong></span> <span class='ocrx_word' id='word_1_125' title='bbox 423 875 545 909; x_wconf 86' lang='lat' dir='ltr'><strong>consilio,</strong></span> <span class='ocrx_word' id='word_1_126' title='bbox 566 879 592 901; x_wconf 89' lang='lat' dir='ltr'><strong>et</strong></span> <span class='ocrx_word' id='word_1_127' title='bbox 616 874 732 902; x_wconf 78' lang='lat' dir='ltr'><strong>fortuna.</strong></span> <span class='ocrx_word' id='word_1_128' title='bbox 747 873 827 901; x_wconf 86' lang='lat' dir='ltr'><strong>Verbi</strong></span> <span class='ocrx_word' id='word_1_129' title='bbox 843 875 940 909; x_wconf 76' lang='lat' dir='ltr'><strong>gratia,</strong></span> 
     </span>
    </p>
   </div>
   <div class='ocr_carea' id='block_1_21' title="bbox 150 920 943 958">
    <p class='ocr_par' dir='ltr' id='par_1_21' title="bbox 150 920 943 958">
     <span class='ocr_line' id='line_1_21' title="bbox 150 920 943 958; baseline -0.003 -7"><span class='ocrx_word' id='word_1_130' title='bbox 150 931 247 951; x_wconf 87' lang='lat' dir='ltr'><strong>navem</strong></span> <span class='ocrx_word' id='word_1_131' title='bbox 275 923 360 958; x_wconf 86' lang='lat' dir='ltr'><strong>ipsam</strong></span> <span class='ocrx_word' id='word_1_132' title='bbox 382 921 575 953; x_wconf 85' lang='lat' dir='ltr'><strong>conscendere,</strong></span> <span class='ocrx_word' id='word_1_133' title='bbox 593 925 621 948; x_wconf 90' lang='lat' dir='ltr'><strong>et</strong></span> <span class='ocrx_word' id='word_1_134' title='bbox 647 928 710 952; x_wconf 87' lang='lat' dir='ltr'><strong>non,</strong></span> <span class='ocrx_word' id='word_1_135' title='bbox 728 920 755 947; x_wconf 90' lang='lat' dir='ltr'><strong>in</strong></span> <span class='ocrx_word' id='word_1_136' title='bbox 786 926 876 947; x_wconf 78' lang='lat' dir='ltr'><strong>nostra</strong></span> <span class='ocrx_word' id='word_1_137' title='bbox 900 926 943 949; x_wconf 61' lang='lat' dir='ltr'><strong>est</strong></span> 
     </span>
    </p>
   </div>
   <div class='ocr_carea' id='block_1_22' title="bbox 152 965 942 1005">
    <p class='ocr_par' dir='ltr' id='par_1_22' title="bbox 152 965 942 1005">
     <span class='ocr_line' id='line_1_22' title="bbox 152 965 942 1005; baseline -0.004 -8"><span class='ocrx_word' id='word_1_138' title='bbox 152 972 301 1005; x_wconf 77' lang='lat' dir='ltr'><strong>potestate;</strong></span> <span class='ocrx_word' id='word_1_139' title='bbox 321 972 440 1003; x_wconf 88' lang='lat' dir='ltr'><strong>tempore</strong></span> <span class='ocrx_word' id='word_1_140' title='bbox 453 973 548 994; x_wconf 88' lang='lat' dir='ltr'><strong>sereno</strong></span> <span class='ocrx_word' id='word_1_141' title='bbox 567 966 698 1002; x_wconf 89' lang='lat' dir='ltr'><strong>procellas</strong></span> <span class='ocrx_word' id='word_1_142' title='bbox 711 971 738 994; x_wconf 89' lang='lat' dir='ltr'><strong>et</strong></span> <span class='ocrx_word' id='word_1_143' title='bbox 749 965 848 1002; x_wconf 64' lang='lat' dir='ltr'><strong>mil</strong></span> <span class='ocrx_word' id='word_1_144' title='bbox 875 971 942 994; x_wconf 91' lang='lat' dir='ltr'><strong>tem-</strong></span> 
     </span>
    </p>
   </div>
   <div class='ocr_carea' id='block_1_23' title="bbox 152 1012 941 1051">
    <p class='ocr_par' dir='ltr' id='par_1_23' title="bbox 152 1012 941 1051">
     <span class='ocr_line' id='line_1_23' title="bbox 152 1012 941 1051; baseline -0.004 -8"><span class='ocrx_word' id='word_1_145' title='bbox 152 1020 284 1051; x_wconf 81' lang='lat' dir='ltr'><strong>pestatem</strong></span> <span class='ocrx_word' id='word_1_146' title='bbox 304 1014 394 1042; x_wconf 89' lang='lat' dir='ltr'><strong>subito</strong></span> <span class='ocrx_word' id='word_1_147' title='bbox 408 1013 485 1046; x_wconf 89' lang='lat' dir='ltr'><strong>oriri,</strong></span> <span class='ocrx_word' id='word_1_148' title='bbox 508 1012 623 1040; x_wconf 74' lang='lat' dir='ltr'><strong>fortuna:</strong></span> <span class='ocrx_word' id='word_1_149' title='bbox 636 1016 693 1045; x_wconf 83' lang='lat' dir='ltr'><strong>est;</strong></span> <span class='ocrx_word' id='word_1_150' title='bbox 710 1020 804 1039; x_wconf 88' lang='lat' dir='ltr'><strong>navem</strong></span> <span class='ocrx_word' id='word_1_151' title='bbox 824 1019 941 1040; x_wconf 84' lang='lat' dir='ltr'><strong>mersam</strong></span> 
     </span>
    </p>
   </div>
   <div class='ocr_carea' id='block_1_24' title="bbox 151 1057 939 1098">
    <p class='ocr_par' dir='ltr' id='par_1_24' title="bbox 151 1057 939 1098">
     <span class='ocr_line' id='line_1_24' title="bbox 151 1057 939 1098; baseline -0.004 -9"><span class='ocrx_word' id='word_1_152' title='bbox 151 1066 251 1098; x_wconf 68' lang='lat' dir='ltr'><strong>praeter</strong></span> <span class='ocrx_word' id='word_1_153' title='bbox 280 1067 355 1097; x_wconf 86' lang='lat' dir='ltr'><strong>spem</strong></span> <span class='ocrx_word' id='word_1_154' title='bbox 383 1058 554 1091; x_wconf 87' lang='lat' dir='ltr'><strong>conservari,</strong></span> <span class='ocrx_word' id='word_1_155' title='bbox 581 1059 672 1086; x_wconf 87' lang='lat' dir='ltr'><strong>divina</strong></span> <span class='ocrx_word' id='word_1_156' title='bbox 701 1058 731 1085; x_wconf 86' lang='lat' dir='ltr'><strong>fit</strong></span> <span class='ocrx_word' id='word_1_157' title='bbox 758 1057 939 1086; x_wconf 80' lang='lat' dir='ltr'><strong>Providentia.</strong></span> 
     </span>
    </p>
   </div>
   <div class='ocr_carea' id='block_1_25' title="bbox 153 1104 941 1137">
    <p class='ocr_par' dir='ltr' id='par_1_25' title="bbox 153 1104 941 1137">
     <span class='ocr_line' id='line_1_25' title="bbox 153 1104 941 1137; baseline -0.004 -3"><span class='ocrx_word' id='word_1_158' title='bbox 153 1107 244 1136; x_wconf 82' lang='lat' dir='ltr'><strong>multis</strong></span> <span class='ocrx_word' id='word_1_159' title='bbox 255 1111 345 1134; x_wconf 76' lang='lat' dir='ltr'><strong>autern</strong></span> <span class='ocrx_word' id='word_1_160' title='bbox 369 1109 397 1134; x_wconf 86' lang='lat' dir='ltr'><strong>et</strong></span> <span class='ocrx_word' id='word_1_161' title='bbox 411 1105 526 1133; x_wconf 75' lang='lat' dir='ltr'><strong>diversis</strong></span> <span class='ocrx_word' id='word_1_162' title='bbox 538 1105 623 1132; x_wconf 91' lang='lat' dir='ltr'><strong>modis</strong></span> <span class='ocrx_word' id='word_1_163' title='bbox 637 1104 738 1132; x_wconf 87' lang='lat' dir='ltr'><strong>accidit</strong></span> <span class='ocrx_word' id='word_1_164' title='bbox 754 1104 849 1137; x_wconf 85' lang='lat' dir='ltr'><strong>fatum,</strong></span> <span class='ocrx_word' id='word_1_165' title='bbox 864 1109 892 1131; x_wconf 90' lang='lat' dir='ltr'><strong>et</strong></span> <span class='ocrx_word' id='word_1_166' title='bbox 902 1104 941 1131; x_wconf 88' lang='lat' dir='ltr'><strong>sic</strong></span> 
     </span>
    </p>
   </div>
   <div class='ocr_carea' id='block_1_26' title="bbox 151 1149 940 1186">
    <p class='ocr_par' dir='ltr' id='par_1_26' title="bbox 151 1149 940 1186">
     <span class='ocr_line' id='line_1_26' title="bbox 151 1149 940 1186; baseline -0.005 -6"><span class='ocrx_word' id='word_1_167' title='bbox 151 1152 242 1180; x_wconf 80' lang='lat' dir='ltr'><strong>ditfert</strong></span> <span class='ocrx_word' id='word_1_168' title='bbox 257 1160 273 1179; x_wconf 89' lang='lat' dir='ltr'><strong>a</strong></span> <span class='ocrx_word' id='word_1_169' title='bbox 291 1151 397 1179; x_wconf 84' lang='lat' dir='ltr'><strong>fortuna</strong></span> <span class='ocrx_word' id='word_1_170' title='bbox 413 1159 420 1178; x_wconf 94' lang='lat'><strong>:</strong></span> <span class='ocrx_word' id='word_1_171' title='bbox 437 1150 564 1186; x_wconf 88' lang='lat' dir='ltr'><strong>quoniam</strong></span> <span class='ocrx_word' id='word_1_172' title='bbox 581 1149 651 1178; x_wconf 88' lang='lat' dir='ltr'><strong>serie</strong></span> <span class='ocrx_word' id='word_1_173' title='bbox 671 1149 787 1185; x_wconf 85' lang='lat' dir='ltr'><strong>quadam</strong></span> <span class='ocrx_word' id='word_1_174' title='bbox 805 1150 940 1183; x_wconf 87' lang='lat' dir='ltr'><strong>ordinate,</strong></span> 
     </span>
    </p>
   </div>
   <div class='ocr_carea' id='block_1_27' title="bbox 151 1195 942 1231">
    <p class='ocr_par' dir='ltr' id='par_1_27' title="bbox 151 1195 942 1231">
     <span class='ocr_line' id='line_1_27' title="bbox 151 1195 942 1231; baseline -0.001 -6"><span class='ocrx_word' id='word_1_175' title='bbox 151 1204 180 1225; x_wconf 85' lang='lat' dir='ltr'><strong>et</strong></span> <span class='ocrx_word' id='word_1_176' title='bbox 206 1201 403 1231; x_wconf 84' lang='lat' dir='ltr'><strong>consequenter</strong></span> <span class='ocrx_word' id='word_1_177' title='bbox 431 1195 471 1229; x_wconf 83' lang='lat' dir='ltr'><strong>ﬁt,</strong></span> <span class='ocrx_word' id='word_1_178' title='bbox 493 1204 554 1224; x_wconf 87' lang='lat' dir='ltr'><strong>cum</strong></span> <span class='ocrx_word' id='word_1_179' title='bbox 582 1195 689 1224; x_wconf 81' lang='lat' dir='ltr'><strong>fortuna</strong></span> <span class='ocrx_word' id='word_1_180' title='bbox 717 1200 812 1231; x_wconf 81' lang='lat' dir='ltr'><strong>suapte</strong></span> <span class='ocrx_word' id='word_1_181' title='bbox 839 1195 893 1228; x_wconf 84' lang='lat' dir='ltr'><strong>fiat,</strong></span> <span class='ocrx_word' id='word_1_182' title='bbox 914 1200 942 1224; x_wconf 88' lang='lat' dir='ltr'><strong>et</strong></span> 
     </span>
    </p>
   </div>
   <div class='ocr_carea' id='block_1_28' title="bbox 151 1241 941 1280">
    <p class='ocr_par' dir='ltr' id='par_1_28' title="bbox 151 1241 941 1280">
     <span class='ocr_line' id='line_1_28' title="bbox 151 1241 941 1280; baseline -0.006 -7"><span class='ocrx_word' id='word_1_183' title='bbox 151 1249 231 1280; x_wconf 90' lang='lat' dir='ltr'><strong>prout</strong></span> <span class='ocrx_word' id='word_1_184' title='bbox 242 1244 390 1278; x_wconf 75' lang='lat' dir='ltr'><strong>contingat.</strong></span> <span class='ocrx_word' id='word_1_185' title='bbox 408 1241 442 1269; x_wconf 87' lang='lat' dir='ltr'><strong>Ut</strong></span> <span class='ocrx_word' id='word_1_186' title='bbox 460 1249 475 1269; x_wconf 88' lang='lat' dir='ltr'><strong>e</strong></span> <span class='ocrx_word' id='word_1_187' title='bbox 490 1248 573 1276; x_wconf 89' lang='lat' dir='ltr'><strong>puero</strong></span> <span class='ocrx_word' id='word_1_188' title='bbox 589 1241 776 1275; x_wconf 73' lang='lat' dir='ltr'><strong>iuvenescere,</strong></span> <span class='ocrx_word' id='word_1_189' title='bbox 793 1245 820 1267; x_wconf 91' lang='lat' dir='ltr'><strong>et</strong></span> <span class='ocrx_word' id='word_1_190' title='bbox 831 1241 864 1267; x_wconf 91' lang='lat' dir='ltr'><strong>ad</strong></span> <span class='ocrx_word' id='word_1_191' title='bbox 879 1241 941 1268; x_wconf 90' lang='lat' dir='ltr'><strong>reli-</strong></span> 
     </span>
    </p>
   </div>
   <div class='ocr_carea' id='block_1_29' title="bbox 152 1286 941 1324">
    <p class='ocr_par' dir='ltr' id='par_1_29' title="bbox 152 1286 941 1324">
     <span class='ocr_line' id='line_1_29' title="bbox 152 1286 941 1324; baseline -0.003 -8"><span class='ocrx_word' id='word_1_192' title='bbox 152 1298 218 1324; x_wconf 86' lang='lat' dir='ltr'><strong>quas</strong></span> <span class='ocrx_word' id='word_1_193' title='bbox 245 1296 331 1324; x_wconf 87' lang='lat' dir='ltr'><strong>usque</strong></span> <span class='ocrx_word' id='word_1_194' title='bbox 354 1292 448 1315; x_wconf 69' lang='lat' dir='ltr'><strong>aetates</strong></span> <span class='ocrx_word' id='word_1_195' title='bbox 472 1287 613 1315; x_wconf 82' lang='lat' dir='ltr'><strong>commode</strong></span> <span class='ocrx_word' id='word_1_196' title='bbox 636 1287 794 1319; x_wconf 81' lang='lat' dir='ltr'><strong>ascendere,</strong></span> <span class='ocrx_word' id='word_1_197' title='bbox 816 1294 869 1313; x_wconf 90' lang='lat' dir='ltr'><strong>uno</strong></span> <span class='ocrx_word' id='word_1_198' title='bbox 893 1286 941 1314; x_wconf 83' lang='lat' dir='ltr'><strong>fati</strong></span> 
     </span>
    </p>
   </div>
   <div class='ocr_carea' id='block_1_30' title="bbox 152 1332 942 1367">
    <p class='ocr_par' dir='ltr' id='par_1_30' title="bbox 152 1332 942 1367">
     <span class='ocr_line' id='line_1_30' title="bbox 152 1332 942 1367; baseline -0.006 -3"><span class='ocrx_word' id='word_1_199' title='bbox 152 1338 232 1365; x_wconf 82' lang='lat' dir='ltr'><strong>modo</strong></span> <span class='ocrx_word' id='word_1_200' title='bbox 243 1336 351 1363; x_wconf 90' lang='lat' dir='ltr'><strong>accidit.</strong></span> <span class='ocrx_word' id='word_1_201' title='bbox 367 1334 512 1366; x_wconf 84' lang='lat' dir='ltr'><strong>Zodiacus,</strong></span> <span class='ocrx_word' id='word_1_202' title='bbox 527 1338 555 1360; x_wconf 92' lang='lat' dir='ltr'><strong>ut</strong></span> <span class='ocrx_word' id='word_1_203' title='bbox 566 1333 665 1367; x_wconf 86' lang='lat' dir='ltr'><strong>placuit</strong></span> <span class='ocrx_word' id='word_1_204' title='bbox 676 1332 814 1360; x_wconf 78' lang='lat' dir='ltr'><strong>Aristoteli</strong></span> <span class='ocrx_word' id='word_1_205' title='bbox 827 1332 942 1367; x_wconf 80' lang='lat' dir='ltr'><strong>diligen-</strong></span> 
     </span>
    </p>
   </div>
   <div class='ocr_carea' id='block_1_31' title="bbox 154 1379 940 1416">
    <p class='ocr_par' dir='ltr' id='par_1_31' title="bbox 154 1379 940 1416">
     <span class='ocr_line' id='line_1_31' title="bbox 154 1379 940 1416; baseline -0.008 -6"><span class='ocrx_word' id='word_1_206' title='bbox 154 1389 195 1410; x_wconf 87' lang='lat' dir='ltr'><strong>ter</strong></span> <span class='ocrx_word' id='word_1_207' title='bbox 214 1380 396 1416; x_wconf 75' lang='lat' dir='ltr'><strong>investiganti,</strong></span> <span class='ocrx_word' id='word_1_208' title='bbox 420 1384 529 1413; x_wconf 86' lang='lat' dir='ltr'><strong>propter</strong></span> <span class='ocrx_word' id='word_1_209' title='bbox 550 1379 749 1413; x_wconf 81' lang='lat' dir='ltr'><strong>generatimtem</strong></span> <span class='ocrx_word' id='word_1_210' title='bbox 768 1386 860 1406; x_wconf 89' lang='lat' dir='ltr'><strong>eorum</strong></span> <span class='ocrx_word' id='word_1_211' title='bbox 881 1385 940 1413; x_wconf 77' lang='lat' dir='ltr'><strong>qua:</strong></span> 
     </span>
    </p>
   </div>
   <div class='ocr_carea' id='block_1_32' title="bbox 153 1424 940 1459">
    <p class='ocr_par' dir='ltr' id='par_1_32' title="bbox 153 1424 940 1459">
     <span class='ocr_line' id='line_1_32' title="bbox 153 1424 940 1459; baseline -0.006 -3"><span class='ocrx_word' id='word_1_212' title='bbox 153 1430 179 1456; x_wconf 94' lang='lat' dir='ltr'><strong>in</strong></span> <span class='ocrx_word' id='word_1_213' title='bbox 212 1434 283 1455; x_wconf 81' lang='lat' dir='ltr'><strong>terra</strong></span> <span class='ocrx_word' id='word_1_214' title='bbox 313 1427 346 1455; x_wconf 89' lang='lat' dir='ltr'><strong>ad</strong></span> <span class='ocrx_word' id='word_1_215' title='bbox 377 1425 496 1453; x_wconf 83' lang='lat' dir='ltr'><strong>universi</strong></span> <span class='ocrx_word' id='word_1_216' title='bbox 523 1424 748 1459; x_wconf 81' lang='lat' dir='ltr'><strong>complementum</strong></span> <span class='ocrx_word' id='word_1_217' title='bbox 782 1425 940 1459; x_wconf 77' lang='lat' dir='ltr'><strong>gignuntur,</strong></span> 
     </span>
    </p>
   </div>
   <div class='ocr_carea' id='block_1_33' title="bbox 152 1469 940 1508">
    <p class='ocr_par' dir='ltr' id='par_1_33' title="bbox 152 1469 940 1508">
     <span class='ocr_line' id='line_1_33' title="bbox 152 1469 940 1508; baseline -0.005 -7"><span class='ocrx_word' id='word_1_218' title='bbox 152 1473 261 1508; x_wconf 92' lang='lat' dir='ltr'><strong>oblique</strong></span> <span class='ocrx_word' id='word_1_219' title='bbox 275 1476 408 1500; x_wconf 80' lang='lat' dir='ltr'><strong>movetur.</strong></span> <span class='ocrx_word' id='word_1_220' title='bbox 419 1469 486 1498; x_wconf 88' lang='lat' dir='ltr'><strong>Nam</strong></span> <span class='ocrx_word' id='word_1_221' title='bbox 500 1470 595 1506; x_wconf 73' lang='lat' dir='ltr'><strong>mquali</strong></span> <span class='ocrx_word' id='word_1_222' title='bbox 608 1471 629 1498; x_wconf 88' lang='lat' dir='ltr'><strong>si</strong></span> <span class='ocrx_word' id='word_1_223' title='bbox 641 1470 767 1498; x_wconf 84' lang='lat' dir='ltr'><strong>distantia</strong></span> <span class='ocrx_word' id='word_1_224' title='bbox 780 1475 940 1504; x_wconf 83' lang='lat' dir='ltr'><strong>verteretur,</strong></span> 
     </span>
    </p>
   </div>
   <div class='ocr_carea' id='block_1_34' title="bbox 153 1516 978 1565">
    <p class='ocr_par' dir='ltr' id='par_1_34' title="bbox 153 1516 978 1565">
     <span class='ocr_line' id='line_1_34' title="bbox 153 1516 978 1565; baseline -0.004 -18"><span class='ocrx_word' id='word_1_225' title='bbox 153 1527 236 1547; x_wconf 87' lang='lat' dir='ltr'><strong>unum</strong></span> <span class='ocrx_word' id='word_1_226' title='bbox 254 1525 362 1553; x_wconf 83' lang='lat' dir='ltr'><strong>semper</strong></span> <span class='ocrx_word' id='word_1_227' title='bbox 377 1518 439 1546; x_wconf 89' lang='lat' dir='ltr'><strong>anni</strong></span> <span class='ocrx_word' id='word_1_228' title='bbox 455 1516 581 1552; x_wconf 84' lang='lat' dir='ltr'><strong>idemque</strong></span> <span class='ocrx_word' id='word_1_229' title='bbox 593 1521 697 1551; x_wconf 85' lang='lat' dir='ltr'><strong>tempus</strong></span> <span class='ocrx_word' id='word_1_230' title='bbox 707 1521 789 1549; x_wconf 87' lang='lat' dir='ltr'><strong>esset.</strong></span> <span class='ocrx_word' id='word_1_231' title='bbox 805 1517 846 1544; x_wconf 89' lang='lat' dir='ltr'><strong>vel</strong></span> <span class='ocrx_word' id='word_1_232' title='bbox 861 1523 941 1544; x_wconf 76' lang='lat' dir='ltr'><strong>zesta-</strong></span> <span class='ocrx_word' id='word_1_233' title='bbox 955 1534 978 1565; x_wconf 59' lang='grc' dir='ltr'>ο</span> 
     </span>
    </p>
   </div>
   <div class='ocr_carea' id='block_1_35' title="bbox 154 1563 942 1600">
    <p class='ocr_par' dir='ltr' id='par_1_35' title="bbox 154 1563 942 1600">
     <span class='ocr_line' id='line_1_35' title="bbox 154 1563 942 1600; baseline -0.005 -6"><span class='ocrx_word' id='word_1_234' title='bbox 154 1567 198 1599; x_wconf 83' lang='lat' dir='ltr'><strong>tis,</strong></span> <span class='ocrx_word' id='word_1_235' title='bbox 219 1566 261 1593; x_wconf 89' lang='lat' dir='ltr'><strong>vel</strong></span> <span class='ocrx_word' id='word_1_236' title='bbox 285 1565 393 1598; x_wconf 84' lang='lat' dir='ltr'><strong>hiemis,</strong></span> <span class='ocrx_word' id='word_1_237' title='bbox 418 1569 465 1593; x_wconf 92' lang='lat' dir='ltr'><strong>aut</strong></span> <span class='ocrx_word' id='word_1_238' title='bbox 485 1564 605 1600; x_wconf 79' lang='lat' dir='ltr'><strong>cujusvis</strong></span> <span class='ocrx_word' id='word_1_239' title='bbox 631 1564 752 1591; x_wconf 86' lang='lat' dir='ltr'><strong>alterius.</strong></span> <span class='ocrx_word' id='word_1_240' title='bbox 782 1563 858 1591; x_wconf 88' lang='lat' dir='ltr'><strong>Nttnc</strong></span> <span class='ocrx_word' id='word_1_241' title='bbox 879 1571 942 1591; x_wconf 89' lang='lat' dir='ltr'><strong>vero</strong></span> 
     </span>
    </p>
   </div>
   <div class='ocr_carea' id='block_1_36' title="bbox 153 1609 941 1648">
    <p class='ocr_par' dir='ltr' id='par_1_36' title="bbox 153 1609 941 1648">
     <span class='ocr_line' id='line_1_36' title="bbox 153 1609 941 1648; baseline -0.006 -8"><span class='ocrx_word' id='word_1_242' title='bbox 153 1612 280 1648; x_wconf 84' lang='lat' dir='ltr'><strong>quoniam</strong></span> <span class='ocrx_word' id='word_1_243' title='bbox 289 1611 330 1639; x_wconf 89' lang='lat' dir='ltr'><strong>sol</strong></span> <span class='ocrx_word' id='word_1_244' title='bbox 347 1611 446 1646; x_wconf 87' lang='lat' dir='ltr'><strong>aliique</strong></span> <span class='ocrx_word' id='word_1_245' title='bbox 462 1611 575 1646; x_wconf 57' lang='lat' dir='ltr'><strong>planetas</strong></span> <span class='ocrx_word' id='word_1_246' title='bbox 587 1617 602 1637; x_wconf 92' lang='lat' dir='ltr'><strong>e</strong></span> <span class='ocrx_word' id='word_1_247' title='bbox 615 1611 692 1645; x_wconf 80' lang='lat' dir='ltr'><strong>signo</strong></span> <span class='ocrx_word' id='word_1_248' title='bbox 703 1611 729 1638; x_wconf 90' lang='lat' dir='ltr'><strong>in</strong></span> <span class='ocrx_word' id='word_1_249' title='bbox 749 1609 820 1639; x_wconf 78' lang='lat' dir='ltr'><strong>aliud</strong></span> <span class='ocrx_word' id='word_1_250' title='bbox 835 1610 941 1645; x_wconf 75' lang='lat' dir='ltr'><strong>signum</strong></span> 
     </span>
    </p>
   </div>
   <div class='ocr_carea' id='block_1_37' title="bbox 154 1657 943 1696">
    <p class='ocr_par' dir='ltr' id='par_1_37' title="bbox 154 1657 943 1696">
     <span class='ocr_line' id='line_1_37' title="bbox 154 1657 943 1696; baseline -0.006 -7"><span class='ocrx_word' id='word_1_251' title='bbox 154 1661 339 1696; x_wconf 80' lang='lat' dir='ltr'><strong>egrediuntur.</strong></span> <span class='ocrx_word' id='word_1_252' title='bbox 350 1663 466 1694; x_wconf 83' lang='lat' dir='ltr'><strong>quatuor</strong></span> <span class='ocrx_word' id='word_1_253' title='bbox 484 1657 510 1684; x_wconf 91' lang='lat' dir='ltr'><strong>in</strong></span> <span class='ocrx_word' id='word_1_254' title='bbox 523 1664 594 1684; x_wconf 88' lang='lat' dir='ltr'><strong>anno</strong></span> <span class='ocrx_word' id='word_1_255' title='bbox 611 1660 786 1691; x_wconf 77' lang='lat' dir='ltr'><strong>tempestates</strong></span> <span class='ocrx_word' id='word_1_256' title='bbox 802 1661 875 1689; x_wconf 85' lang='lat' dir='ltr'><strong>sunt,</strong></span> <span class='ocrx_word' id='word_1_257' title='bbox 889 1664 943 1691; x_wconf 91' lang='lat' dir='ltr'><strong>quo</strong></span> 
     </span>
    </p>
   </div>
   <div class='ocr_carea' id='block_1_38' title="bbox 155 1701 945 1740">
    <p class='ocr_par' dir='ltr' id='par_1_38' title="bbox 155 1701 945 1740">
     <span class='ocr_line' id='line_1_38' title="bbox 155 1701 945 1740; baseline -0.003 -8"><span class='ocrx_word' id='word_1_258' title='bbox 155 1705 185 1732; x_wconf 84' lang='lat' dir='ltr'><strong>tit</strong></span> <span class='ocrx_word' id='word_1_259' title='bbox 198 1709 227 1732; x_wconf 89' lang='lat' dir='ltr'><strong>ut</strong></span> <span class='ocrx_word' id='word_1_260' title='bbox 236 1707 345 1740; x_wconf 88' lang='lat' dir='ltr'><strong>propter</strong></span> <span class='ocrx_word' id='word_1_261' title='bbox 354 1703 424 1730; x_wconf 88' lang='lat' dir='ltr'><strong>hanc</strong></span> <span class='ocrx_word' id='word_1_262' title='bbox 432 1702 457 1729; x_wconf 94' lang='lat' dir='ltr'><strong>in</strong></span> <span class='ocrx_word' id='word_1_263' title='bbox 470 1701 521 1729; x_wconf 87' lang='lat' dir='ltr'><strong>alia</strong></span> <span class='ocrx_word' id='word_1_264' title='bbox 533 1702 607 1736; x_wconf 79' lang='lat' dir='ltr'><strong>signa</strong></span> <span class='ocrx_word' id='word_1_265' title='bbox 618 1703 793 1729; x_wconf 88' lang='lat' dir='ltr'><strong>mutationem</strong></span> <span class='ocrx_word' id='word_1_266' title='bbox 803 1707 830 1728; x_wconf 90' lang='lat' dir='ltr'><strong>et</strong></span> <span class='ocrx_word' id='word_1_267' title='bbox 843 1701 945 1730; x_wconf 86' lang='lat' dir='ltr'><strong>fructus</strong></span> 
     </span>
    </p>
   </div>
   <div class='ocr_carea' id='block_1_39' title="bbox 156 1747 943 1786">
    <p class='ocr_par' dir='ltr' id='par_1_39' title="bbox 156 1747 943 1786">
     <span class='ocr_line' id='line_1_39' title="bbox 156 1747 943 1786; baseline -0.005 -8"><span class='ocrx_word' id='word_1_268' title='bbox 156 1751 326 1786; x_wconf 72' lang='lat' dir='ltr'><strong>provuniant,</strong></span> <span class='ocrx_word' id='word_1_269' title='bbox 348 1749 460 1784; x_wconf 73' lang='lat' dir='ltr'><strong>ali-.eque</strong></span> <span class='ocrx_word' id='word_1_270' title='bbox 474 1747 629 1775; x_wconf 88' lang='lat' dir='ltr'><strong>animalium</strong></span> <span class='ocrx_word' id='word_1_271' title='bbox 649 1748 835 1782; x_wconf 79' lang='lat' dir='ltr'><strong>generationes</strong></span> <span class='ocrx_word' id='word_1_272' title='bbox 850 1748 943 1775; x_wconf 90' lang='lat' dir='ltr'><strong>orian-</strong></span> 
     </span>
    </p>
   </div>
   <div class='ocr_carea' id='block_1_40' title="bbox 158 1794 944 1831">
    <p class='ocr_par' dir='ltr' id='par_1_40' title="bbox 158 1794 944 1831">
     <span class='ocr_line' id='line_1_40' title="bbox 158 1794 944 1831; baseline -0.004 -7"><span class='ocrx_word' id='word_1_273' title='bbox 158 1803 213 1825; x_wconf 89' lang='lat' dir='ltr'><strong>tur.</strong></span> <span class='ocrx_word' id='word_1_274' title='bbox 230 1796 276 1824; x_wconf 79' lang='lat' dir='ltr'><strong>Sol</strong></span> <span class='ocrx_word' id='word_1_275' title='bbox 292 1795 411 1831; x_wconf 88' lang='lat' dir='ltr'><strong>quidem,</strong></span> <span class='ocrx_word' id='word_1_276' title='bbox 430 1799 459 1822; x_wconf 90' lang='lat' dir='ltr'><strong>ut</strong></span> <span class='ocrx_word' id='word_1_277' title='bbox 476 1794 602 1830; x_wconf 87' lang='lat' dir='ltr'><strong>privatim</strong></span> <span class='ocrx_word' id='word_1_278' title='bbox 615 1794 672 1829; x_wconf 89' lang='lat' dir='ltr'><strong>ipse</strong></span> <span class='ocrx_word' id='word_1_279' title='bbox 683 1798 711 1821; x_wconf 90' lang='lat' dir='ltr'><strong>et</strong></span> <span class='ocrx_word' id='word_1_280' title='bbox 733 1801 806 1826; x_wconf 87' lang='lat' dir='ltr'><strong>vere,</strong></span> <span class='ocrx_word' id='word_1_281' title='bbox 822 1798 849 1821; x_wconf 93' lang='lat' dir='ltr'><strong>ut</strong></span> <span class='ocrx_word' id='word_1_282' title='bbox 870 1799 944 1828; x_wconf 85' lang='lat' dir='ltr'><strong>puto,</strong></span> 
     </span>
    </p>
   </div>
   <div class='ocr_carea' id='block_1_41' title="bbox 156 1839 945 1876">
    <p class='ocr_par' dir='ltr' id='par_1_41' title="bbox 156 1839 945 1876">
     <span class='ocr_line' id='line_1_41' title="bbox 156 1839 945 1876; baseline -0.005 -5"><span class='ocrx_word' id='word_1_283' title='bbox 156 1842 252 1876; x_wconf 87' lang='lat' dir='ltr'><strong>sensit,</strong></span> <span class='ocrx_word' id='word_1_284' title='bbox 267 1842 370 1870; x_wconf 85' lang='lat' dir='ltr'><strong>centies</strong></span> <span class='ocrx_word' id='word_1_285' title='bbox 381 1839 564 1876; x_wconf 76' lang='lat' dir='ltr'><strong>magnitudine</strong></span> <span class='ocrx_word' id='word_1_286' title='bbox 578 1844 678 1868; x_wconf 88' lang='lat' dir='ltr'><strong>terram</strong></span> <span class='ocrx_word' id='word_1_287' title='bbox 693 1840 810 1871; x_wconf 71' lang='lat' dir='ltr'><strong>excedit,</strong></span> <span class='ocrx_word' id='word_1_288' title='bbox 824 1840 945 1873; x_wconf 79' lang='lat' dir='ltr'><strong>quamvis</strong></span> 
     </span>
    </p>
   </div>
   <div class='ocr_carea' id='block_1_42' title="bbox 156 1885 946 1920">
    <p class='ocr_par' dir='ltr' id='par_1_42' title="bbox 156 1885 946 1920">
     <span class='ocr_line' id='line_1_42' title="bbox 156 1885 946 1920; baseline -0.006 -4"><span class='ocrx_word' id='word_1_289' title='bbox 156 1889 201 1916; x_wconf 86' lang='lat' dir='ltr'><strong>alii</strong></span> <span class='ocrx_word' id='word_1_290' title='bbox 223 1892 327 1916; x_wconf 83' lang='lat' dir='ltr'><strong>tantum</strong></span> <span class='ocrx_word' id='word_1_291' title='bbox 348 1887 438 1915; x_wconf 84' lang='lat' dir='ltr'><strong>tricies</strong></span> <span class='ocrx_word' id='word_1_292' title='bbox 456 1891 590 1913; x_wconf 88' lang='lat' dir='ltr'><strong>asserant.</strong></span> <span class='ocrx_word' id='word_1_293' title='bbox 609 1885 677 1912; x_wconf 88' lang='lat' dir='ltr'><strong>Sunt</strong></span> <span class='ocrx_word' id='word_1_294' title='bbox 693 1885 739 1920; x_wconf 90' lang='lat' dir='ltr'><strong>qui</strong></span> <span class='ocrx_word' id='word_1_295' title='bbox 756 1892 881 1920; x_wconf 69' lang='lat' dir='ltr'><strong>magnum</strong></span> <span class='ocrx_word' id='word_1_296' title='bbox 898 1893 946 1912; x_wconf 82' lang='lat' dir='ltr'><strong>an-</strong></span> 
     </span>
    </p>
   </div>
   <div class='ocr_carea' id='block_1_43' title="bbox 159 1927 945 1966">
    <p class='ocr_par' dir='ltr' id='par_1_43' title="bbox 159 1927 945 1966">
     <span class='ocr_line' id='line_1_43' title="bbox 159 1927 945 1966; baseline -0.006 -4"><span class='ocrx_word' id='word_1_297' title='bbox 159 1943 229 1962; x_wconf 90' lang='lat' dir='ltr'><strong>muu.</strong></span> <span class='ocrx_word' id='word_1_298' title='bbox 246 1934 355 1961; x_wconf 84' lang='lat' dir='ltr'><strong>Saturni</strong></span> <span class='ocrx_word' id='word_1_299' title='bbox 376 1932 507 1961; x_wconf 73' lang='lat' dir='ltr'><strong>ambitum</strong></span> <span class='ocrx_word' id='word_1_300' title='bbox 524 1938 584 1959; x_wconf 88' lang='lat' dir='ltr'><strong>esse</strong></span> <span class='ocrx_word' id='word_1_301' title='bbox 608 1927 723 1959; x_wconf 84' lang='lat' dir='ltr'><strong>doceant</strong></span> <span class='ocrx_word' id='word_1_302' title='bbox 745 1940 751 1958; x_wconf 92' lang='lat'><strong>:</strong></span> <span class='ocrx_word' id='word_1_303' title='bbox 770 1932 832 1966; x_wconf 89' lang='lat' dir='ltr'><strong>quia</strong></span> <span class='ocrx_word' id='word_1_304' title='bbox 855 1930 945 1958; x_wconf 64' lang='lat' dir='ltr'><strong>caueri</strong></span> 
     </span>
    </p>
   </div>
   <div class='ocr_carea' id='block_1_44' title="bbox 158 1975 946 2010">
    <p class='ocr_par' dir='ltr' id='par_1_44' title="bbox 158 1975 946 2010">
     <span class='ocr_line' id='line_1_44' title="bbox 158 1975 946 2010; baseline -0.009 -4"><span class='ocrx_word' id='word_1_305' title='bbox 158 1986 206 2006; x_wconf 81' lang='lat' dir='ltr'><strong>sex</strong></span> <span class='ocrx_word' id='word_1_306' title='bbox 221 1983 343 2005; x_wconf 85' lang='lat' dir='ltr'><strong>errantes</strong></span> <span class='ocrx_word' id='word_1_307' title='bbox 355 1975 472 2003; x_wconf 87' lang='lat' dir='ltr'><strong>breviori</strong></span> <span class='ocrx_word' id='word_1_308' title='bbox 488 1980 609 2010; x_wconf 88' lang='lat' dir='ltr'><strong>tempore</strong></span> <span class='ocrx_word' id='word_1_309' title='bbox 627 1982 737 2002; x_wconf 88' lang='lat' dir='ltr'><strong>cursmn</strong></span> <span class='ocrx_word' id='word_1_310' title='bbox 760 1982 838 2002; x_wconf 88' lang='lat' dir='ltr'><strong>suutn</strong></span> <span class='ocrx_word' id='word_1_311' title='bbox 860 1975 946 2002; x_wconf 87' lang='lat' dir='ltr'><strong>conti-</strong></span> 
     </span>
    </p>
   </div>
   <div class='ocr_carea' id='block_1_45' title="bbox 158 2019 948 2056">
    <p class='ocr_par' dir='ltr' id='par_1_45' title="bbox 158 2019 948 2056">
     <span class='ocr_line' id='line_1_45' title="bbox 158 2019 948 2056; baseline -0.005 -5"><span class='ocrx_word' id='word_1_312' title='bbox 158 2024 244 2052; x_wconf 85' lang='lat' dir='ltr'><strong>ciant.</strong></span> <span class='ocrx_word' id='word_1_313' title='bbox 261 2022 396 2051; x_wconf 85' lang='lat' dir='ltr'><strong>Saturnus</strong></span> <span class='ocrx_word' id='word_1_314' title='bbox 409 2022 481 2050; x_wconf 90' lang='lat' dir='ltr'><strong>enim</strong></span> <span class='ocrx_word' id='word_1_315' title='bbox 494 2021 602 2056; x_wconf 75' lang='lat' dir='ltr'><strong>triginta</strong></span> <span class='ocrx_word' id='word_1_316' title='bbox 617 2020 707 2052; x_wconf 87' lang='lat' dir='ltr'><strong>annis,</strong></span> <span class='ocrx_word' id='word_1_317' title='bbox 723 2019 831 2055; x_wconf 80' lang='lat' dir='ltr'><strong>Jupiter</strong></span> <span class='ocrx_word' id='word_1_318' title='bbox 847 2020 899 2046; x_wconf 84' lang='lat' dir='ltr'><strong>duo</strong></span> <span class='ocrx_word' id='word_1_319' title='bbox 912 2022 948 2047; x_wconf 86' lang='lat' dir='ltr'><strong>&#39;e-</strong></span> 
     </span>
    </p>
   </div>
   <div class='ocr_carea' id='block_1_46' title="bbox 158 2064 948 2103">
    <p class='ocr_par' dir='ltr' id='par_1_46' title="bbox 158 2064 948 2103">
     <span class='ocr_line' id='line_1_46' title="bbox 158 2064 948 2103; baseline -0.006 -4"><span class='ocrx_word' id='word_1_320' title='bbox 158 2070 222 2103; x_wconf 81' lang='lat' dir='ltr'><strong>cim,</strong></span> <span class='ocrx_word' id='word_1_321' title='bbox 246 2069 350 2097; x_wconf 83' lang='lat' dir='ltr'><strong>duobus</strong></span> <span class='ocrx_word' id='word_1_322' title='bbox 367 2068 449 2101; x_wconf 77' lang='lat' dir='ltr'><strong>Mars,</strong></span> <span class='ocrx_word' id='word_1_323' title='bbox 473 2067 512 2094; x_wconf 90' lang='lat' dir='ltr'><strong>sol</strong></span> <span class='ocrx_word' id='word_1_324' title='bbox 530 2074 594 2098; x_wconf 87' lang='lat' dir='ltr'><strong>uno,</strong></span> <span class='ocrx_word' id='word_1_325' title='bbox 609 2071 638 2094; x_wconf 90' lang='lat' dir='ltr'><strong>ut</strong></span> <span class='ocrx_word' id='word_1_326' title='bbox 652 2071 678 2093; x_wconf 92' lang='lat' dir='ltr'><strong>ct</strong></span> <span class='ocrx_word' id='word_1_327' title='bbox 693 2066 843 2094; x_wconf 82' lang='lat' dir='ltr'><strong>Mercurius</strong></span> <span class='ocrx_word' id='word_1_328' title='bbox 854 2071 880 2093; x_wconf 89' lang='lat' dir='ltr'><strong>ct</strong></span> <span class='ocrx_word' id='word_1_329' title='bbox 893 2064 948 2094; x_wconf 80' lang='lat' dir='ltr'><strong>Ve-</strong></span> 
     </span>
    </p>
   </div>
   <div class='ocr_carea' id='block_1_47' title="bbox 159 2112 949 2149">
    <p class='ocr_par' dir='ltr' id='par_1_47' title="bbox 159 2112 949 2149">
     <span class='ocr_line' id='line_1_47' title="bbox 159 2112 949 2149; baseline -0.004 -6"><span class='ocrx_word' id='word_1_330' title='bbox 159 2124 218 2149; x_wconf 87' lang='lat' dir='ltr'><strong>nus,</strong></span> <span class='ocrx_word' id='word_1_331' title='bbox 234 2115 365 2143; x_wconf 86' lang='lat' dir='ltr'><strong>circulum</strong></span> <span class='ocrx_word' id='word_1_332' title='bbox 379 2113 505 2142; x_wconf 88' lang='lat' dir='ltr'><strong>absolvit.</strong></span> <span class='ocrx_word' id='word_1_333' title='bbox 527 2112 562 2140; x_wconf 79' lang='lat' dir='ltr'><strong>At</strong></span> <span class='ocrx_word' id='word_1_334' title='bbox 586 2115 648 2140; x_wconf 82' lang='lat' dir='ltr'><strong>luna</strong></span> <span class='ocrx_word' id='word_1_335' title='bbox 665 2113 728 2147; x_wconf 87' lang='lat' dir='ltr'><strong>quia</strong></span> <span class='ocrx_word' id='word_1_336' title='bbox 744 2113 836 2140; x_wconf 83' lang='lat' dir='ltr'><strong>intima</strong></span> <span class='ocrx_word' id='word_1_337' title='bbox 855 2119 906 2145; x_wconf 88' lang='lat' dir='ltr'><strong>est,</strong></span> <span class='ocrx_word' id='word_1_338' title='bbox 921 2117 949 2141; x_wconf 88' lang='lat' dir='ltr'><strong>et</strong></span> 
     </span>
    </p>
   </div>
   <div class='ocr_carea' id='block_1_48' title="bbox 158 2158 947 2194">
    <p class='ocr_par' dir='ltr' id='par_1_48' title="bbox 158 2158 947 2194">
     <span class='ocr_line' id='line_1_48' title="bbox 158 2158 947 2194; baseline -0.006 -5"><span class='ocrx_word' id='word_1_339' title='bbox 158 2162 298 2189; x_wconf 79' lang='lat' dir='ltr'><strong>minimum</strong></span> <span class='ocrx_word' id='word_1_340' title='bbox 314 2160 409 2188; x_wconf 87' lang='lat' dir='ltr'><strong>sortita</strong></span> <span class='ocrx_word' id='word_1_341' title='bbox 429 2159 533 2191; x_wconf 90' lang='lat' dir='ltr'><strong>orbem,</strong></span> <span class='ocrx_word' id='word_1_342' title='bbox 560 2167 614 2186; x_wconf 87' lang='lat' dir='ltr'><strong>uno</strong></span> <span class='ocrx_word' id='word_1_343' title='bbox 636 2166 738 2187; x_wconf 86' lang='lat' dir='ltr'><strong>mense.</strong></span> <span class='ocrx_word' id='word_1_344' title='bbox 762 2158 869 2186; x_wconf 79' lang='lat' dir='ltr'><strong>Primus</strong></span> <span class='ocrx_word' id='word_1_345' title='bbox 895 2158 947 2194; x_wconf 81' lang='lat' dir='ltr'><strong>Py-</strong></span> 
     </span>
    </p>
   </div>
   <div class='ocr_carea' id='block_1_49' title="bbox 956 855 980 884">
    <p class='ocr_par' dir='ltr' id='par_1_49' title="bbox 956 855 980 884">
     <span class='ocr_line' id='line_1_49' title="bbox 956 855 980 884; baseline 0 0"><span class='ocrx_word' id='word_1_346' title='bbox 956 855 980 884; x_wconf 92' lang='lat' dir='ltr'><strong>B</strong></span> 
     </span>
    </p>
   </div>
   <div class='ocr_carea' id='block_1_50' title="bbox 988 231 1776 268">
    <p class='ocr_par' dir='ltr' id='par_1_50' title="bbox 988 231 1776 268">
     <span class='ocr_line' id='line_1_50' title="bbox 988 231 1776 268; baseline -0.003 -8"><span class='ocrx_word' id='word_1_347' title='bbox 988 231 1088 268; x_wconf 78' lang='grc' dir='ltr'>ὲφεξῆς</span> <span class='ocrx_word' id='word_1_348' title='bbox 1097 233 1233 268; x_wconf 78' lang='grc' dir='ltr'><strong>πλάνητες</strong></span> <span class='ocrx_word' id='word_1_349' title='bbox 1240 232 1264 250; x_wconf 82' lang='grc'><strong><em>⁸⁸</em></strong></span> <span class='ocrx_word' id='word_1_350' title='bbox 1271 232 1312 266; x_wconf 75' lang='grc' dir='ltr'><strong>ἐξ,</strong></span> <span class='ocrx_word' id='word_1_351' title='bbox 1321 233 1336 260; x_wconf 89' lang='grc' dir='ltr'><strong>ό</strong></span> <span class='ocrx_word' id='word_1_352' title='bbox 1349 232 1396 259; x_wconf 85' lang='grc' dir='ltr'><strong>τοῦ</strong></span> <span class='ocrx_word' id='word_1_353' title='bbox 1409 231 1470 264; x_wconf 87' lang='grc' dir='ltr'>Διός</span> <span class='ocrx_word' id='word_1_354' title='bbox 1479 240 1562 268; x_wconf 82' lang='grc' dir='ltr'>φημι,</span> <span class='ocrx_word' id='word_1_355' title='bbox 1577 232 1592 259; x_wconf 93' lang='lat'><strong>6</strong></span> <span class='ocrx_word' id='word_1_356' title='bbox 1605 231 1653 259; x_wconf 76' lang='grc' dir='ltr'><strong>τοῦ</strong></span> <span class='ocrx_word' id='word_1_357' title='bbox 1667 232 1776 267; x_wconf 77' lang='grc' dir='ltr'>’Δρεος,</span> 
     </span>
    </p>
   </div>
   <div class='ocr_carea' id='block_1_51' title="bbox 988 276 1779 314">
    <p class='ocr_par' dir='ltr' id='par_1_51' title="bbox 988 276 1779 314">
     <span class='ocr_line' id='line_1_51' title="bbox 988 276 1779 314; baseline -0.004 -8"><span class='ocrx_word' id='word_1_358' title='bbox 988 279 1003 306; x_wconf 98' lang='lat'><strong>6</strong></span> <span class='ocrx_word' id='word_1_359' title='bbox 1014 278 1065 313; x_wconf 83' lang='grc' dir='ltr'><strong>τῆς</strong></span> <span class='ocrx_word' id='word_1_360' title='bbox 1084 279 1254 314; x_wconf 82' lang='grc' dir='ltr'>Ἀφροδιτης,</span> <span class='ocrx_word' id='word_1_361' title='bbox 1270 279 1285 305; x_wconf 83' lang='lat'><strong>6</strong></span> <span class='ocrx_word' id='word_1_362' title='bbox 1301 278 1349 305; x_wconf 87' lang='grc' dir='ltr'><strong>τοῦ</strong></span> <span class='ocrx_word' id='word_1_363' title='bbox 1369 278 1482 314; x_wconf 83' lang='grc' dir='ltr'><strong>Ἑρμοῦ,</strong></span> <span class='ocrx_word' id='word_1_364' title='bbox 1498 278 1514 305; x_wconf 91' lang='lat'><strong>6</strong></span> <span class='ocrx_word' id='word_1_365' title='bbox 1528 276 1577 305; x_wconf 85' lang='grc' dir='ltr'><strong>τοῦ</strong></span> <span class='ocrx_word' id='word_1_366' title='bbox 1594 277 1686 313; x_wconf 82' lang='grc' dir='ltr'>ἡλίου,</span> <span class='ocrx_word' id='word_1_367' title='bbox 1700 277 1715 304; x_wconf 93' lang='lat'><strong>6</strong></span> <span class='ocrx_word' id='word_1_368' title='bbox 1728 277 1779 313; x_wconf 88' lang='grc' dir='ltr'><strong>τῆς</strong></span> 
     </span>
    </p>
   </div>
   <div class='ocr_carea' id='block_1_52' title="bbox 991 321 1778 360">
    <p class='ocr_par' dir='ltr' id='par_1_52' title="bbox 991 321 1778 360">
     <span class='ocr_line' id='line_1_52' title="bbox 991 321 1778 360; baseline 0 -10"><span class='ocrx_word' id='word_1_369' title='bbox 991 324 1117 359; x_wconf 80' lang='grc' dir='ltr'><strong>σελήνης,</strong></span> <span class='ocrx_word' id='word_1_370' title='bbox 1141 321 1201 351; x_wconf 83' lang='grc' dir='ltr'>εἰτα</span> <span class='ocrx_word' id='word_1_371' title='bbox 1222 324 1239 360; x_wconf 85' lang='grc' dir='ltr'>ὴ</span> <span class='ocrx_word' id='word_1_372' title='bbox 1252 323 1300 350; x_wconf 88' lang='grc' dir='ltr'><strong>τοῦ</strong></span> <span class='ocrx_word' id='word_1_373' title='bbox 1316 323 1402 359; x_wconf 76' lang='grc' dir='ltr'>πυρὸς</span> <span class='ocrx_word' id='word_1_374' title='bbox 1416 324 1520 358; x_wconf 87' lang='grc' dir='ltr'>σφαῖρα</span> <span class='ocrx_word' id='word_1_375' title='bbox 1530 343 1539 357; x_wconf 91' lang='grc'><strong>,</strong></span> <span class='ocrx_word' id='word_1_376' title='bbox 1556 323 1621 359; x_wconf 75' lang='grc' dir='ltr'>ἑξῆς</span> <span class='ocrx_word' id='word_1_377' title='bbox 1634 324 1651 359; x_wconf 83' lang='grc' dir='ltr'><strong>ἠ</strong></span> <span class='ocrx_word' id='word_1_378' title='bbox 1665 323 1714 350; x_wconf 81' lang='grc' dir='ltr'><strong>τοῦ</strong></span> <span class='ocrx_word' id='word_1_379' title='bbox 1729 323 1778 351; x_wconf 63' lang='lat' dir='ltr'><strong>at-</strong></span> 
     </span>
    </p>
   </div>
   <div class='ocr_carea' id='block_1_53' title="bbox 991 369 1777 405">
    <p class='ocr_par' dir='ltr' id='par_1_53' title="bbox 991 369 1777 405">
     <span class='ocr_line' id='line_1_53' title="bbox 991 369 1777 405; baseline 0 -9"><span class='ocrx_word' id='word_1_380' title='bbox 991 378 1048 404; x_wconf 88' lang='grc' dir='ltr'>ρος,</span> <span class='ocrx_word' id='word_1_381' title='bbox 1063 370 1122 405; x_wconf 88' lang='grc' dir='ltr'>μετ’</span> <span class='ocrx_word' id='word_1_382' title='bbox 1135 370 1217 397; x_wconf 71' lang='grc' dir='ltr'>αὐτὸν</span> <span class='ocrx_word' id='word_1_383' title='bbox 1229 371 1245 405; x_wconf 84' lang='grc' dir='ltr'>ἡ</span> <span class='ocrx_word' id='word_1_384' title='bbox 1258 369 1305 397; x_wconf 85' lang='grc' dir='ltr'><strong>τοῦ</strong></span> <span class='ocrx_word' id='word_1_385' title='bbox 1323 369 1429 401; x_wconf 79' lang='grc' dir='ltr'>ὕδατος.</span> <span class='ocrx_word' id='word_1_386' title='bbox 1445 369 1534 404; x_wconf 79' lang='grc' dir='ltr'>Λοιπὴ</span> <span class='ocrx_word' id='word_1_387' title='bbox 1545 370 1593 397; x_wconf 74' lang='grc' dir='ltr'><strong>καὶ</strong></span> <span class='ocrx_word' id='word_1_388' title='bbox 1606 369 1653 396; x_wconf 74' lang='grc' dir='ltr'><strong>ἐπὶ</strong></span> <span class='ocrx_word' id='word_1_389' title='bbox 1666 369 1749 396; x_wconf 78' lang='grc' dir='ltr'>πᾶσιν</span> <span class='ocrx_word' id='word_1_390' title='bbox 1759 370 1777 404; x_wconf 81' lang='grc' dir='ltr'><strong>ἠ</strong></span> 
     </span>
    </p>
   </div>
   <div class='ocr_carea' id='block_1_54' title="bbox 990 413 1780 450">
    <p class='ocr_par' dir='ltr' id='par_1_54' title="bbox 990 413 1780 450">
     <span class='ocr_line' id='line_1_54' title="bbox 990 413 1780 450; baseline -0.003 -8"><span class='ocrx_word' id='word_1_391' title='bbox 990 417 1037 450; x_wconf 88' lang='grc' dir='ltr'><strong>γῆ.</strong></span> <span class='ocrx_word' id='word_1_392' title='bbox 1062 414 1173 442; x_wconf 81' lang='grc' dir='ltr'><strong>Δώδεκα</strong></span> <span class='ocrx_word' id='word_1_393' title='bbox 1198 414 1226 442; x_wconf 77' lang='grc' dir='ltr'>δὲ</span> <span class='ocrx_word' id='word_1_394' title='bbox 1249 414 1353 447; x_wconf 79' lang='grc' dir='ltr'><strong>τάξεων</strong></span> <span class='ocrx_word' id='word_1_395' title='bbox 1376 414 1465 441; x_wconf 83' lang='grc' dir='ltr'><strong>οὐσῶν</strong></span> <span class='ocrx_word' id='word_1_396' title='bbox 1491 415 1526 442; x_wconf 79' lang='grc' dir='ltr'><strong>ἐν’</strong></span> <span class='ocrx_word' id='word_1_397' title='bbox 1548 415 1581 450; x_wconf 82' lang='grc' dir='ltr'>τῇ</span> <span class='ocrx_word' id='word_1_398' title='bbox 1611 415 1727 442; x_wconf 86' lang='grc' dir='ltr'>άπλανεῖ</span> <span class='ocrx_word' id='word_1_399' title='bbox 1749 413 1780 441; x_wconf 85' lang='grc' dir='ltr'><strong>τδ</strong></span> 
     </span>
    </p>
   </div>
   <div class='ocr_carea' id='block_1_55' title="bbox 991 457 1778 496">
    <p class='ocr_par' dir='ltr' id='par_1_55' title="bbox 991 457 1778 496">
     <span class='ocr_line' id='line_1_55' title="bbox 991 457 1778 496; baseline -0.003 -9"><span class='ocrx_word' id='word_1_400' title='bbox 991 461 1100 496; x_wconf 84' lang='grc' dir='ltr'>πρῶτον</span> <span class='ocrx_word' id='word_1_401' title='bbox 1117 461 1202 487; x_wconf 85' lang='grc' dir='ltr'>αίτιόν</span> <span class='ocrx_word' id='word_1_402' title='bbox 1227 461 1303 488; x_wconf 79' lang='grc' dir='ltr'>ἐστι·</span> <span class='ocrx_word' id='word_1_403' title='bbox 1326 460 1390 496; x_wconf 70' lang='grc'><strong>[714</strong></span> <span class='ocrx_word' id='word_1_404' title='bbox 1403 459 1450 496; x_wconf 84' lang='grc' dir='ltr'><strong>Η.]</strong></span> <span class='ocrx_word' id='word_1_405' title='bbox 1474 459 1521 487; x_wconf 75' lang='grc' dir='ltr'>καὶ</span> <span class='ocrx_word' id='word_1_406' title='bbox 1535 461 1549 486; x_wconf 83' lang='grc' dir='ltr'><strong>ὅ</strong></span> <span class='ocrx_word' id='word_1_407' title='bbox 1562 468 1589 487; x_wconf 81' lang='grc' dir='ltr'><strong>τι</strong></span> <span class='ocrx_word' id='word_1_408' title='bbox 1607 459 1641 486; x_wconf 78' lang='grc' dir='ltr'>ἂν</span> <span class='ocrx_word' id='word_1_409' title='bbox 1695 459 1778 493; x_wconf 72' lang='grc' dir='ltr'>ἐγγὺς</span> 
     </span>
    </p>
   </div>
   <div class='ocr_carea' id='block_1_56' title="bbox 991 505 1778 541">
    <p class='ocr_par' dir='ltr' id='par_1_56' title="bbox 991 505 1778 541">
     <span class='ocr_line' id='line_1_56' title="bbox 991 505 1778 541; baseline -0.004 -7"><span class='ocrx_word' id='word_1_410' title='bbox 991 506 1074 534; x_wconf 83' lang='grc' dir='ltr'>αὐτοῦ</span> <span class='ocrx_word' id='word_1_411' title='bbox 1086 526 1094 539; x_wconf 88' lang='grc'><strong>,</strong></span> <span class='ocrx_word' id='word_1_412' title='bbox 1108 506 1186 533; x_wconf 86' lang='grc' dir='ltr'>τοῦτό</span> <span class='ocrx_word' id='word_1_413' title='bbox 1194 506 1217 522; x_wconf 79' lang='grc'><strong>⁸⁷</strong></span> <span class='ocrx_word' id='word_1_414' title='bbox 1234 515 1300 541; x_wconf 85' lang='grc' dir='ltr'>φασι</span> <span class='ocrx_word' id='word_1_415' title='bbox 1315 506 1442 541; x_wconf 74' lang='grc' dir='ltr'><strong>τετάχθαι</strong></span> <span class='ocrx_word' id='word_1_416' title='bbox 1458 505 1576 540; x_wconf 76' lang='grc' dir='ltr'>βεϐαίως</span> <span class='ocrx_word' id='word_1_417' title='bbox 1589 505 1636 532; x_wconf 79' lang='grc' dir='ltr'><strong>καὶ</strong></span> <span class='ocrx_word' id='word_1_418' title='bbox 1648 505 1778 540; x_wconf 81' lang='grc' dir='ltr'>ἀρίστως,</span> 
     </span>
    </p>
   </div>
   <div class='ocr_carea' id='block_1_57' title="bbox 991 549 1780 591">
    <p class='ocr_par' dir='ltr' id='par_1_57' title="bbox 991 549 1780 591">
     <span class='ocr_line' id='line_1_57' title="bbox 991 549 1780 591; baseline -0.011 -8"><span class='ocrx_word' id='word_1_419' title='bbox 991 556 1026 583; x_wconf 73' lang='grc' dir='ltr'>τὰ</span> <span class='ocrx_word' id='word_1_420' title='bbox 1040 555 1069 583; x_wconf 74' lang='grc' dir='ltr'>δὲ</span> <span class='ocrx_word' id='word_1_421' title='bbox 1086 554 1227 591; x_wconf 73' lang='grc' dir='ltr'>πόρρωθεν</span> <span class='ocrx_word' id='word_1_422' title='bbox 1242 551 1341 589; x_wconf 76' lang='grc' dir='ltr'>ἥττον’</span> <span class='ocrx_word' id='word_1_423' title='bbox 1364 551 1414 587; x_wconf 83' lang='grc' dir='ltr'>τὴν</span> <span class='ocrx_word' id='word_1_424' title='bbox 1429 551 1458 577; x_wconf 72' lang='grc' dir='ltr'>δὲ</span> <span class='ocrx_word' id='word_1_425' title='bbox 1474 550 1550 582; x_wconf 79' lang='grc' dir='ltr'>τάξιν</span> <span class='ocrx_word' id='word_1_426' title='bbox 1567 550 1648 585; x_wconf 75' lang='grc' dir='ltr'>μέχρι</span> <span class='ocrx_word' id='word_1_427' title='bbox 1663 549 1780 584; x_wconf 80' lang='grc' dir='ltr'><strong>σελήνης</strong></span> 
     </span>
    </p>
   </div>
   <div class='ocr_carea' id='block_1_58' title="bbox 993 594 1781 633">
    <p class='ocr_par' dir='ltr' id='par_1_58' title="bbox 993 594 1781 633">
     <span class='ocr_line' id='line_1_58' title="bbox 993 594 1781 633; baseline -0.009 -5"><span class='ocrx_word' id='word_1_428' title='bbox 993 600 1140 633; x_wconf 79' lang='grc' dir='ltr'>σώζεσθαι,</span> <span class='ocrx_word' id='word_1_429' title='bbox 1166 599 1202 626; x_wconf 83' lang='grc' dir='ltr'>τὰ</span> <span class='ocrx_word' id='word_1_430' title='bbox 1224 599 1253 625; x_wconf 74' lang='grc' dir='ltr'>δὲ</span> <span class='ocrx_word' id='word_1_431' title='bbox 1277 598 1330 625; x_wconf 76' lang='grc' dir='ltr'><strong>ὑπὸ</strong></span> <span class='ocrx_word' id='word_1_432' title='bbox 1354 597 1469 632; x_wconf 82' lang='grc' dir='ltr'><strong>σελήνην</strong></span> <span class='ocrx_word' id='word_1_433' title='bbox 1491 596 1582 623; x_wconf 80' lang='grc' dir='ltr'>οὐκέτι</span> <span class='ocrx_word' id='word_1_434' title='bbox 1605 595 1716 630; x_wconf 82' lang='grc' dir='ltr'>ὁμοίως.</span> <span class='ocrx_word' id='word_1_435' title='bbox 1734 594 1781 627; x_wconf 76' lang='grc' dir='ltr'>Ἐξ</span> 
     </span>
    </p>
   </div>
   <div class='ocr_carea' id='block_1_59' title="bbox 992 640 1781 681">
    <p class='ocr_par' dir='ltr' id='par_1_59' title="bbox 992 640 1781 681">
     <span class='ocr_line' id='line_1_59' title="bbox 992 640 1781 681; baseline -0.01 -7"><span class='ocrx_word' id='word_1_436' title='bbox 992 647 1115 681; x_wconf 77' lang='grc' dir='ltr'><strong>ἀνάγκης</strong></span> <span class='ocrx_word' id='word_1_437' title='bbox 1129 645 1157 672; x_wconf 83' lang='grc' dir='ltr'><em>δέ</em></span> <span class='ocrx_word' id='word_1_438' title='bbox 1175 645 1234 672; x_wconf 74' lang='grc' dir='ltr'>ἐστι</span> <span class='ocrx_word' id='word_1_439' title='bbox 1249 644 1295 670; x_wconf 74' lang='grc' dir='ltr'>καὶ</span> <span class='ocrx_word' id='word_1_440' title='bbox 1310 644 1326 679; x_wconf 88' lang='grc' dir='ltr'>ἡ</span> <span class='ocrx_word' id='word_1_441' title='bbox 1343 643 1426 670; x_wconf 82' lang='grc' dir='ltr'>κακία</span> <span class='ocrx_word' id='word_1_442' title='bbox 1440 643 1481 674; x_wconf 86' lang='grc' dir='ltr'><strong>εἰς</strong></span> <span class='ocrx_word' id='word_1_443' title='bbox 1489 641 1537 669; x_wconf 78' lang='grc' dir='ltr'>τὸν</span> <span class='ocrx_word' id='word_1_444' title='bbox 1552 641 1618 677; x_wconf 76' lang='grc' dir='ltr'>περὶ</span> <span class='ocrx_word' id='word_1_445' title='bbox 1631 641 1683 675; x_wconf 83' lang='grc' dir='ltr'>γῆν</span> <span class='ocrx_word' id='word_1_446' title='bbox 1697 640 1781 667; x_wconf 81' lang='grc' dir='ltr'>τόπον</span> 
     </span>
    </p>
   </div>
   <div class='ocr_carea' id='block_1_60' title="bbox 993 685 1781 727">
    <p class='ocr_par' dir='ltr' id='par_1_60' title="bbox 993 685 1781 727">
     <span class='ocr_line' id='line_1_60' title="bbox 993 685 1781 727; baseline -0.009 -8"><span class='ocrx_word' id='word_1_447' title='bbox 993 693 1041 720; x_wconf 82' lang='grc' dir='ltr'>ἆτε</span> <span class='ocrx_word' id='word_1_448' title='bbox 1064 691 1097 727; x_wconf 85' lang='grc' dir='ltr'>δὴ</span> <span class='ocrx_word' id='word_1_449' title='bbox 1123 690 1259 726; x_wconf 82' lang='grc' dir='ltr'><strong>πυθμένος</strong></span> <span class='ocrx_word' id='word_1_450' title='bbox 1280 689 1360 723; x_wconf 87' lang='grc' dir='ltr'>λόγον</span> <span class='ocrx_word' id='word_1_451' title='bbox 1384 688 1537 723; x_wconf 72' lang='grc' dir='ltr'><strong>ἐπεχούσης</strong></span> <span class='ocrx_word' id='word_1_452' title='bbox 1567 688 1616 722; x_wconf 80' lang='grc' dir='ltr'><strong>τῆς</strong></span> <span class='ocrx_word' id='word_1_453' title='bbox 1638 687 1690 721; x_wconf 85' lang='grc' dir='ltr'>γῆς</span> <span class='ocrx_word' id='word_1_454' title='bbox 1712 685 1781 720; x_wconf 72' lang='grc' dir='ltr'>πρὸς</span> 
     </span>
    </p>
   </div>
   <div class='ocr_carea' id='block_1_61' title="bbox 993 730 1781 769">
    <p class='ocr_par' dir='ltr' id='par_1_61' title="bbox 993 730 1781 769">
     <span class='ocr_line' id='line_1_61' title="bbox 993 730 1781 769; baseline -0.01 -5"><span class='ocrx_word' id='word_1_455' title='bbox 993 737 1082 764; x_wconf 84' lang='grc' dir='ltr'>πάντα</span> <span class='ocrx_word' id='word_1_456' title='bbox 1095 737 1141 763; x_wconf 79' lang='grc' dir='ltr'>τὸν</span> <span class='ocrx_word' id='word_1_457' title='bbox 1155 735 1268 769; x_wconf 81' lang='grc' dir='ltr'><strong>κόσμον,</strong></span> <span class='ocrx_word' id='word_1_458' title='bbox 1289 734 1338 761; x_wconf 69' lang='grc' dir='ltr'>καὶ</span> <span class='ocrx_word' id='word_1_459' title='bbox 1357 733 1425 768; x_wconf 76' lang='grc' dir='ltr'>πρὸς</span> <span class='ocrx_word' id='word_1_460' title='bbox 1447 732 1581 767; x_wconf 84' lang='grc' dir='ltr'>ὑποδοχὴν</span> <span class='ocrx_word' id='word_1_461' title='bbox 1604 730 1781 765; x_wconf 84' lang='grc' dir='ltr'>ὑποστάθμης</span> 
     </span>
    </p>
   </div>
   <div class='ocr_carea' id='block_1_62' title="bbox 993 776 1782 817">
    <p class='ocr_par' dir='ltr' id='par_1_62' title="bbox 993 776 1782 817">
     <span class='ocr_line' id='line_1_62' title="bbox 993 776 1782 817; baseline -0.009 -8"><span class='ocrx_word' id='word_1_462' title='bbox 993 782 1076 817; x_wconf 70' lang='grc' dir='ltr'>οὔσης</span> <span class='ocrx_word' id='word_1_463' title='bbox 1102 781 1267 816; x_wconf 72' lang='grc' dir='ltr'>ἐπιτηδείας.</span> <span class='ocrx_word' id='word_1_464' title='bbox 1292 779 1347 806; x_wconf 76' lang='grc' dir='ltr'><strong>Καὶ</strong></span> <span class='ocrx_word' id='word_1_465' title='bbox 1371 779 1460 806; x_wconf 87' lang='grc' dir='ltr'>πάντα</span> <span class='ocrx_word' id='word_1_466' title='bbox 1490 778 1541 814; x_wconf 78' lang='grc' dir='ltr'>μὲν</span> <span class='ocrx_word' id='word_1_467' title='bbox 1561 778 1597 804; x_wconf 84' lang='grc' dir='ltr'>τὰ</span> <span class='ocrx_word' id='word_1_468' title='bbox 1615 777 1682 805; x_wconf 73' lang='grc' dir='ltr'>ἄλλα</span> <span class='ocrx_word' id='word_1_469' title='bbox 1709 776 1782 812; x_wconf 82' lang='grc' dir='ltr'>μέρη</span> 
     </span>
    </p>
   </div>
   <div class='ocr_carea' id='block_1_63' title="bbox 994 821 1781 862">
    <p class='ocr_par' dir='ltr' id='par_1_63' title="bbox 994 821 1781 862">
     <span class='ocr_line' id='line_1_63' title="bbox 994 821 1781 862; baseline -0.008 -8"><span class='ocrx_word' id='word_1_470' title='bbox 994 828 1064 854; x_wconf 84' lang='grc' dir='ltr'>κατὰ</span> <span class='ocrx_word' id='word_1_471' title='bbox 1077 827 1126 862; x_wconf 86' lang='grc' dir='ltr'>τὴν</span> <span class='ocrx_word' id='word_1_472' title='bbox 1141 826 1280 862; x_wconf 86' lang='grc' dir='ltr'>πρόνοιαν,</span> <span class='ocrx_word' id='word_1_473' title='bbox 1294 826 1341 853; x_wconf 64' lang='grc' dir='ltr'><strong>κα)⁸</strong></span> <span class='ocrx_word' id='word_1_474' title='bbox 1355 825 1404 860; x_wconf 87' lang='grc' dir='ltr'><strong>τὴν</strong></span> <span class='ocrx_word' id='word_1_475' title='bbox 1420 824 1532 860; x_wconf 83' lang='grc' dir='ltr'>βεϐαίαν</span> <span class='ocrx_word' id='word_1_476' title='bbox 1545 823 1632 857; x_wconf 83' lang='grc' dir='ltr'>τάξιν,</span> <span class='ocrx_word' id='word_1_477' title='bbox 1643 822 1724 859; x_wconf 74' lang='grc'><strong>[1517</strong></span> <span class='ocrx_word' id='word_1_478' title='bbox 1733 821 1781 857; x_wconf 63' lang='lat' dir='ltr'><strong>IL]</strong></span> 
     </span>
    </p>
   </div>
   <div class='ocr_carea' id='block_1_64' title="bbox 994 868 1783 909">
    <p class='ocr_par' dir='ltr' id='par_1_64' title="bbox 994 868 1783 909">
     <span class='ocr_line' id='line_1_64' title="bbox 994 868 1783 909; baseline -0.009 -8"><span class='ocrx_word' id='word_1_479' title='bbox 994 875 1040 902; x_wconf 82' lang='grc' dir='ltr'><strong>καὶ</strong></span> <span class='ocrx_word' id='word_1_480' title='bbox 1059 874 1108 908; x_wconf 83' lang='grc' dir='ltr'>τὴν</span> <span class='ocrx_word' id='word_1_481' title='bbox 1131 872 1301 909; x_wconf 82' lang='grc' dir='ltr'><strong>εἱμαρμένην</strong></span> <span class='ocrx_word' id='word_1_482' title='bbox 1316 871 1363 898; x_wconf 79' lang='grc' dir='ltr'><strong>τοῦ</strong></span> <span class='ocrx_word' id='word_1_483' title='bbox 1380 870 1449 898; x_wconf 88' lang='grc' dir='ltr'>Θεοῦ</span> <span class='ocrx_word' id='word_1_484' title='bbox 1467 870 1606 906; x_wconf 77' lang='grc' dir='ltr'><strong>ἑπομένην</strong></span> <span class='ocrx_word' id='word_1_485' title='bbox 1625 868 1700 903; x_wconf 82' lang='grc' dir='ltr'>αὐτῷ</span> <span class='ocrx_word' id='word_1_486' title='bbox 1716 876 1783 903; x_wconf 82' lang='grc' dir='ltr'>φασι</span> 
     </span>
    </p>
   </div>
   <div class='ocr_carea' id='block_1_65' title="bbox 991 914 1782 953">
    <p class='ocr_par' dir='ltr' id='par_1_65' title="bbox 991 914 1782 953">
     <span class='ocr_line' id='line_1_65' title="bbox 991 914 1782 953; baseline -0.009 -5"><span class='ocrx_word' id='word_1_487' title='bbox 991 920 1161 951; x_wconf 80' lang='grc' dir='ltr'>διοικεῖσθαι,</span> <span class='ocrx_word' id='word_1_488' title='bbox 1185 919 1220 946; x_wconf 88' lang='grc' dir='ltr'>τὰ</span> <span class='ocrx_word' id='word_1_489' title='bbox 1241 918 1270 946; x_wconf 83' lang='grc' dir='ltr'>δὲ</span> <span class='ocrx_word' id='word_1_490' title='bbox 1288 918 1358 953; x_wconf 78' lang='grc' dir='ltr'>μετὰ</span> <span class='ocrx_word' id='word_1_491' title='bbox 1380 917 1429 952; x_wconf 86' lang='grc' dir='ltr'>τὴν</span> <span class='ocrx_word' id='word_1_492' title='bbox 1445 916 1591 952; x_wconf 84' lang='grc' dir='ltr'>σελήνην³⁸</span> <span class='ocrx_word' id='word_1_493' title='bbox 1606 914 1782 950; x_wconf 79' lang='grc' dir='ltr'>τέσσαρσιν³⁶</span> 
     </span>
    </p>
   </div>
   <div class='ocr_carea' id='block_1_66' title="bbox 992 960 1783 1000">
    <p class='ocr_par' dir='ltr' id='par_1_66' title="bbox 992 960 1783 1000">
     <span class='ocr_line' id='line_1_66' title="bbox 992 960 1783 1000; baseline -0.01 -6"><span class='ocrx_word' id='word_1_494' title='bbox 992 966 1106 999; x_wconf 87' lang='grc' dir='ltr'>αἰτίαις,</span> <span class='ocrx_word' id='word_1_495' title='bbox 1118 965 1192 992; x_wconf 77' lang='grc' dir='ltr'>κατὰ</span> <span class='ocrx_word' id='word_1_496' title='bbox 1203 964 1280 997; x_wconf 83' lang='grc' dir='ltr'>Θεδν,</span> <span class='ocrx_word' id='word_1_497' title='bbox 1292 964 1354 991; x_wconf 80' lang='grc' dir='ltr'>καθ’</span> <span class='ocrx_word' id='word_1_498' title='bbox 1370 963 1552 1000; x_wconf 78' lang='grc' dir='ltr'><strong>εἱμαρμένην,</strong></span> <span class='ocrx_word' id='word_1_499' title='bbox 1564 961 1636 989; x_wconf 82' lang='grc' dir='ltr'>κατὰ</span> <span class='ocrx_word' id='word_1_500' title='bbox 1650 960 1783 996; x_wconf 82' lang='grc' dir='ltr'>προαίρε-</span> 
     </span>
    </p>
   </div>
   <div class='ocr_carea' id='block_1_67' title="bbox 993 1005 1784 1049">
    <p class='ocr_par' dir='ltr' id='par_1_67' title="bbox 993 1005 1784 1049">
     <span class='ocr_line' id='line_1_67' title="bbox 993 1005 1784 1049; baseline -0.011 -8"><span class='ocrx_word' id='word_1_501' title='bbox 993 1022 1036 1041; x_wconf 90' lang='grc' dir='ltr'><strong>σιν</strong></span> <span class='ocrx_word' id='word_1_502' title='bbox 1065 1012 1215 1049; x_wconf 75' lang='grc' dir='ltr'>ἡμετέραν,</span> <span class='ocrx_word' id='word_1_503' title='bbox 1244 1011 1317 1038; x_wconf 85' lang='grc' dir='ltr'>κατὰ</span> <span class='ocrx_word' id='word_1_504' title='bbox 1339 1009 1441 1045; x_wconf 83' lang='grc' dir='ltr'>τύχην·</span> <span class='ocrx_word' id='word_1_505' title='bbox 1461 1007 1516 1035; x_wconf 78' lang='grc' dir='ltr'>οἷον</span> <span class='ocrx_word' id='word_1_506' title='bbox 1539 1008 1570 1034; x_wconf 74' lang='grc' dir='ltr'><strong>τὸ</strong></span> <span class='ocrx_word' id='word_1_507' title='bbox 1585 1007 1635 1042; x_wconf 74' lang='grc' dir='ltr'>μὲν</span> <span class='ocrx_word' id='word_1_508' title='bbox 1649 1005 1784 1033; x_wconf 77' lang='grc' dir='ltr'>εἰσελθεῖν</span> 
     </span>
    </p>
   </div>
   <div class='ocr_carea' id='block_1_68' title="bbox 991 1050 1784 1095">
    <p class='ocr_par' dir='ltr' id='par_1_68' title="bbox 991 1050 1784 1095">
     <span class='ocr_line' id='line_1_68' title="bbox 991 1050 1784 1095; baseline -0.013 -8"><span class='ocrx_word' id='word_1_509' title='bbox 991 1060 1032 1092; x_wconf 83' lang='grc' dir='ltr'><strong>εἰς</strong></span> <span class='ocrx_word' id='word_1_510' title='bbox 1053 1058 1134 1095; x_wconf 63' lang='lat' dir='ltr'><strong>silv&quot;</strong></span> <span class='ocrx_word' id='word_1_511' title='bbox 1157 1057 1225 1086; x_wconf 87' lang='grc' dir='ltr'>ναῦν</span> <span class='ocrx_word' id='word_1_512' title='bbox 1251 1057 1268 1092; x_wconf 78' lang='grc' dir='ltr'>ἢ</span> <span class='ocrx_word' id='word_1_513' title='bbox 1294 1055 1333 1091; x_wconf 77' lang='grc' dir='ltr'>μὴ</span> <span class='ocrx_word' id='word_1_514' title='bbox 1356 1054 1487 1082; x_wconf 73' lang='grc' dir='ltr'>εἰσελθεῖν</span> <span class='ocrx_word' id='word_1_515' title='bbox 1511 1053 1553 1088; x_wconf 71' lang='grc' dir='ltr'><strong>ἐφ’</strong></span> <span class='ocrx_word' id='word_1_516' title='bbox 1565 1053 1633 1088; x_wconf 79' lang='grc' dir='ltr'>ἡμῖν</span> <span class='ocrx_word' id='word_1_517' title='bbox 1654 1052 1724 1084; x_wconf 72' lang='grc' dir='ltr'>ἐστι,</span> <span class='ocrx_word' id='word_1_518' title='bbox 1751 1050 1784 1077; x_wconf 80' lang='grc' dir='ltr'>τὸ</span> 
     </span>
    </p>
   </div>
   <div class='ocr_carea' id='block_1_69' title="bbox 993 1098 1784 1142">
    <p class='ocr_par' dir='ltr' id='par_1_69' title="bbox 993 1098 1784 1142">
     <span class='ocr_line' id='line_1_69' title="bbox 993 1098 1784 1142; baseline -0.013 -9"><span class='ocrx_word' id='word_1_519' title='bbox 993 1106 1084 1142; x_wconf 82' lang='grc' dir='ltr'>μέντοι</span> <span class='ocrx_word' id='word_1_520' title='bbox 1104 1104 1133 1132; x_wconf 82' lang='grc' dir='ltr'>ὲν</span> <span class='ocrx_word' id='word_1_521' title='bbox 1155 1103 1233 1139; x_wconf 76' lang='grc' dir='ltr'>εὐδίᾳ</span> <span class='ocrx_word' id='word_1_522' title='bbox 1254 1101 1379 1138; x_wconf 82' lang='grc' dir='ltr'>χειμῶνα</span> <span class='ocrx_word' id='word_1_523' title='bbox 1397 1100 1445 1128; x_wconf 83' lang='grc' dir='ltr'>καὶ</span> <span class='ocrx_word' id='word_1_524' title='bbox 1461 1100 1556 1135; x_wconf 79' lang='grc' dir='ltr'>ζάλην,</span> <span class='ocrx_word' id='word_1_525' title='bbox 1571 1099 1700 1134; x_wconf 76' lang='grc' dir='ltr'><strong>ἐξαίφνης</strong></span> <span class='ocrx_word' id='word_1_526' title='bbox 1720 1098 1784 1124; x_wconf 75' lang='grc' dir='ltr'>ἑπι-</span> 
     </span>
    </p>
   </div>
   <div class='ocr_carea' id='block_1_70' title="bbox 992 1142 1784 1187">
    <p class='ocr_par' dir='ltr' id='par_1_70' title="bbox 992 1142 1784 1187">
     <span class='ocr_line' id='line_1_70' title="bbox 992 1142 1784 1187; baseline -0.013 -8"><span class='ocrx_word' id='word_1_527' title='bbox 992 1150 1146 1187; x_wconf 79' lang='grc' dir='ltr'>γενέσθαι⁹¹</span> <span class='ocrx_word' id='word_1_528' title='bbox 1164 1149 1197 1176; x_wconf 74' lang='grc' dir='ltr'><strong>ἔκ</strong></span> <span class='ocrx_word' id='word_1_529' title='bbox 1219 1148 1316 1184; x_wconf 83' lang='grc' dir='ltr'>τύχης,</span> <span class='ocrx_word' id='word_1_530' title='bbox 1339 1147 1370 1174; x_wconf 70' lang='grc' dir='ltr'>τὸ</span> <span class='ocrx_word' id='word_1_531' title='bbox 1387 1146 1481 1182; x_wconf 83' lang='grc' dir='ltr'>μέντοι</span> <span class='ocrx_word' id='word_1_532' title='bbox 1508 1144 1711 1181; x_wconf 79' lang='grc' dir='ltr'>βαπτιζομένην</span> <span class='ocrx_word' id='word_1_533' title='bbox 1732 1142 1784 1179; x_wconf 78' lang='grc' dir='ltr'>τὴν</span> 
     </span>
    </p>
   </div>
   <div class='ocr_carea' id='block_1_71' title="bbox 992 1189 1786 1232">
    <p class='ocr_par' dir='ltr' id='par_1_71' title="bbox 992 1189 1786 1232">
     <span class='ocr_line' id='line_1_71' title="bbox 992 1189 1786 1232; baseline -0.013 -8"><span class='ocrx_word' id='word_1_534' title='bbox 992 1197 1058 1224; x_wconf 82' lang='grc' dir='ltr'>ναῦν</span> <span class='ocrx_word' id='word_1_535' title='bbox 1069 1195 1135 1232; x_wconf 83' lang='grc' dir='ltr'>παρ’</span> <span class='ocrx_word' id='word_1_536' title='bbox 1149 1194 1244 1222; x_wconf 72' lang='grc' dir='ltr'>ἐλπίδα</span> <span class='ocrx_word' id='word_1_537' title='bbox 1259 1193 1382 1228; x_wconf 83' lang='grc' dir='ltr'>σωθῆναι</span> <span class='ocrx_word' id='word_1_538' title='bbox 1400 1191 1530 1227; x_wconf 80' lang='grc' dir='ltr'><strong>προνοίας</strong></span> <span class='ocrx_word' id='word_1_539' title='bbox 1546 1190 1624 1218; x_wconf 86' lang='grc' dir='ltr'>Θεοῦ.</span> <span class='ocrx_word' id='word_1_540' title='bbox 1640 1189 1697 1225; x_wconf 83' lang='grc' dir='ltr'>Τῆς</span> <span class='ocrx_word' id='word_1_541' title='bbox 1708 1189 1732 1215; x_wconf 77' lang='grc' dir='ltr'>δ’</span> <span class='ocrx_word' id='word_1_542' title='bbox 1745 1189 1786 1215; x_wconf 82' lang='grc' dir='ltr'><strong>εί-</strong></span> 
     </span>
    </p>
   </div>
   <div class='ocr_carea' id='block_1_72' title="bbox 994 1234 1785 1278">
    <p class='ocr_par' dir='ltr' id='par_1_72' title="bbox 994 1234 1785 1278">
     <span class='ocr_line' id='line_1_72' title="bbox 994 1234 1785 1278; baseline -0.013 -8"><span class='ocrx_word' id='word_1_543' title='bbox 994 1241 1138 1278; x_wconf 82' lang='grc' dir='ltr'>μαρμένης</span> <span class='ocrx_word' id='word_1_544' title='bbox 1153 1239 1246 1267; x_wconf 80' lang='grc' dir='ltr'>πολλοί</span> <span class='ocrx_word' id='word_1_545' title='bbox 1262 1240 1315 1266; x_wconf 83' lang='grc' dir='ltr'>εἰσι</span> <span class='ocrx_word' id='word_1_546' title='bbox 1330 1238 1428 1274; x_wconf 82' lang='grc' dir='ltr'><strong>τρόποι</strong></span> <span class='ocrx_word' id='word_1_547' title='bbox 1440 1238 1488 1265; x_wconf 78' lang='grc' dir='ltr'><strong>καὶ</strong></span> <span class='ocrx_word' id='word_1_548' title='bbox 1504 1235 1644 1271; x_wconf 76' lang='grc' dir='ltr'>διαφοραὶ,</span> <span class='ocrx_word' id='word_1_549' title='bbox 1657 1234 1785 1269; x_wconf 80' lang='grc' dir='ltr'><strong>διαφέρει</strong></span> 
     </span>
    </p>
   </div>
   <div class='ocr_carea' id='block_1_73' title="bbox 991 1279 1786 1323">
    <p class='ocr_par' dir='ltr' id='par_1_73' title="bbox 991 1279 1786 1323">
     <span class='ocr_line' id='line_1_73' title="bbox 991 1279 1786 1323; baseline -0.011 -8"><span class='ocrx_word' id='word_1_550' title='bbox 991 1288 1021 1315; x_wconf 73' lang='grc' dir='ltr'>δὲ</span> <span class='ocrx_word' id='word_1_551' title='bbox 1043 1287 1093 1323; x_wconf 81' lang='grc' dir='ltr'><strong>τῆς</strong></span> <span class='ocrx_word' id='word_1_552' title='bbox 1112 1286 1210 1322; x_wconf 77' lang='grc' dir='ltr'>τύχης,</span> <span class='ocrx_word' id='word_1_553' title='bbox 1225 1286 1266 1312; x_wconf 84' lang='grc' dir='ltr'>ὄτι</span> <span class='ocrx_word' id='word_1_554' title='bbox 1283 1286 1301 1320; x_wconf 87' lang='grc' dir='ltr'>ὴ</span> <span class='ocrx_word' id='word_1_555' title='bbox 1317 1284 1366 1319; x_wconf 78' lang='grc' dir='ltr'>μὲν</span> <span class='ocrx_word' id='word_1_556' title='bbox 1389 1283 1486 1319; x_wconf 74' lang='grc' dir='ltr'>εἱρμὸν</span> <span class='ocrx_word' id='word_1_557' title='bbox 1506 1282 1563 1317; x_wconf 77' lang='grc' dir='ltr'>ἔχει</span> <span class='ocrx_word' id='word_1_558' title='bbox 1578 1282 1626 1308; x_wconf 80' lang='grc' dir='ltr'><strong>καί</strong></span> <span class='ocrx_word' id='word_1_559' title='bbox 1642 1281 1720 1314; x_wconf 84' lang='grc' dir='ltr'>τάξιν</span> <span class='ocrx_word' id='word_1_560' title='bbox 1734 1279 1786 1308; x_wconf 80' lang='grc' dir='ltr'><strong>καὶ</strong></span> 
     </span>
    </p>
   </div>
   <div class='ocr_carea' id='block_1_74' title="bbox 993 1325 1786 1367">
    <p class='ocr_par' dir='ltr' id='par_1_74' title="bbox 993 1325 1786 1367">
     <span class='ocr_line' id='line_1_74' title="bbox 993 1325 1786 1367; baseline -0.011 -7"><span class='ocrx_word' id='word_1_561' title='bbox 993 1332 1176 1365; x_wconf 82' lang='grc' dir='ltr'>ἀκολουθίαν,</span> <span class='ocrx_word' id='word_1_562' title='bbox 1203 1332 1221 1367; x_wconf 83' lang='grc' dir='ltr'><strong>ἡ</strong></span> <span class='ocrx_word' id='word_1_563' title='bbox 1242 1330 1270 1357; x_wconf 82' lang='grc' dir='ltr'>δὲ</span> <span class='ocrx_word' id='word_1_564' title='bbox 1293 1330 1364 1365; x_wconf 84' lang='grc' dir='ltr'><strong>τύχη</strong></span> <span class='ocrx_word' id='word_1_565' title='bbox 1389 1329 1419 1356; x_wconf 80' lang='grc' dir='ltr'><strong>τδ</strong></span> <span class='ocrx_word' id='word_1_566' title='bbox 1442 1328 1596 1362; x_wconf 83' lang='grc' dir='ltr'>αὐτόματον</span> <span class='ocrx_word' id='word_1_567' title='bbox 1620 1327 1668 1353; x_wconf 78' lang='grc' dir='ltr'>καὶ</span> <span class='ocrx_word' id='word_1_568' title='bbox 1690 1326 1721 1352; x_wconf 74' lang='grc' dir='ltr'>τὸ</span> <span class='ocrx_word' id='word_1_569' title='bbox 1745 1325 1786 1356; x_wconf 82' lang='grc' dir='ltr'>ὡς</span> 
     </span>
    </p>
   </div>
   <div class='ocr_carea' id='block_1_75' title="bbox 993 1371 1787 1416">
    <p class='ocr_par' dir='ltr' id='par_1_75' title="bbox 993 1371 1787 1416">
     <span class='ocr_line' id='line_1_75' title="bbox 993 1371 1787 1416; baseline -0.014 -7"><span class='ocrx_word' id='word_1_570' title='bbox 993 1381 1090 1416; x_wconf 73' lang='grc' dir='ltr'>ἔτυχεν</span> <span class='ocrx_word' id='word_1_571' title='bbox 1100 1388 1107 1396; x_wconf 94' lang='grc'><strong>·</strong></span> <span class='ocrx_word' id='word_1_572' title='bbox 1120 1377 1176 1406; x_wconf 71' lang='grc' dir='ltr'>οἷον</span> <span class='ocrx_word' id='word_1_573' title='bbox 1188 1377 1218 1406; x_wconf 74' lang='grc' dir='ltr'>τὸ</span> <span class='ocrx_word' id='word_1_574' title='bbox 1229 1377 1263 1404; x_wconf 74' lang='grc' dir='ltr'>ὲκ</span> <span class='ocrx_word' id='word_1_575' title='bbox 1276 1375 1372 1406; x_wconf 82' lang='grc' dir='ltr'>παιδὸς</span> <span class='ocrx_word' id='word_1_576' title='bbox 1382 1376 1405 1391; x_wconf 82' lang='grc'><strong>⁹²</strong></span> <span class='ocrx_word' id='word_1_577' title='bbox 1417 1375 1457 1406; x_wconf 84' lang='grc' dir='ltr'><strong>εἰς</strong></span> <span class='ocrx_word' id='word_1_578' title='bbox 1475 1374 1619 1409; x_wconf 86' lang='grc' dir='ltr'>μειράκιον</span> <span class='ocrx_word' id='word_1_579' title='bbox 1631 1371 1720 1399; x_wconf 79' lang='grc' dir='ltr'>ἐλθεῖν</span> <span class='ocrx_word' id='word_1_580' title='bbox 1735 1371 1787 1399; x_wconf 78' lang='grc' dir='ltr'><strong>καὶ</strong></span> 
     </span>
    </p>
   </div>
   <div class='ocr_carea' id='block_1_76' title="bbox 992 1417 1787 1459">
    <p class='ocr_par' dir='ltr' id='par_1_76' title="bbox 992 1417 1787 1459">
     <span class='ocr_line' id='line_1_76' title="bbox 992 1417 1787 1459; baseline -0.014 -5"><span class='ocrx_word' id='word_1_581' title='bbox 992 1427 1042 1458; x_wconf 81' lang='grc' dir='ltr'>τὰς</span> <span class='ocrx_word' id='word_1_582' title='bbox 1057 1425 1117 1453; x_wconf 76' lang='grc' dir='ltr'>καθ’</span> <span class='ocrx_word' id='word_1_583' title='bbox 1132 1424 1194 1459; x_wconf 76' lang='grc' dir='ltr'>ἑξῆς</span> <span class='ocrx_word' id='word_1_584' title='bbox 1210 1423 1318 1458; x_wconf 80' lang='grc' dir='ltr'>ἡλικίας</span> <span class='ocrx_word' id='word_1_585' title='bbox 1333 1421 1440 1452; x_wconf 76' lang='grc' dir='ltr'><strong>οἰκείως</strong></span> <span class='ocrx_word' id='word_1_586' title='bbox 1448 1421 1471 1437; x_wconf 74' lang='grc'><strong>’³</strong></span> <span class='ocrx_word' id='word_1_587' title='bbox 1487 1419 1613 1452; x_wconf 79' lang='grc' dir='ltr'>διελθεῖν,</span> <span class='ocrx_word' id='word_1_588' title='bbox 1628 1417 1707 1445; x_wconf 87' lang='grc' dir='ltr'>τοῦτο</span> <span class='ocrx_word' id='word_1_589' title='bbox 1724 1417 1787 1448; x_wconf 76' lang='grc' dir='ltr'>ἐνὸς</span> 
     </span>
    </p>
   </div>
   <div class='ocr_carea' id='block_1_77' title="bbox 993 1463 1788 1509">
    <p class='ocr_par' dir='ltr' id='par_1_77' title="bbox 993 1463 1788 1509">
     <span class='ocr_line' id='line_1_77' title="bbox 993 1463 1788 1509; baseline -0.014 -8"><span class='ocrx_word' id='word_1_590' title='bbox 993 1473 1096 1509; x_wconf 82' lang='grc' dir='ltr'><strong>τρόπου</strong></span> <span class='ocrx_word' id='word_1_591' title='bbox 1120 1471 1171 1506; x_wconf 85' lang='grc' dir='ltr'><strong>τῆς</strong></span> <span class='ocrx_word' id='word_1_592' title='bbox 1190 1469 1373 1505; x_wconf 76' lang='grc' dir='ltr'>εἱμαρμένης.</span> <span class='ocrx_word' id='word_1_593' title='bbox 1390 1467 1453 1494; x_wconf 82' lang='grc' dir='ltr'>Ὀτι</span> <span class='ocrx_word' id='word_1_594' title='bbox 1469 1466 1483 1493; x_wconf 88' lang='grc' dir='ltr'><strong>ό</strong></span> <span class='ocrx_word' id='word_1_595' title='bbox 1498 1465 1631 1499; x_wconf 78' lang='grc' dir='ltr'>ζωδιακὸς</span> <span class='ocrx_word' id='word_1_596' title='bbox 1643 1463 1728 1498; x_wconf 81' lang='grc' dir='ltr'>λοξῶς</span> <span class='ocrx_word' id='word_1_597' title='bbox 1741 1472 1788 1490; x_wconf 87' lang='grc' dir='ltr'>κι-</span> 
     </span>
    </p>
   </div>
   <div class='ocr_carea' id='block_1_78' title="bbox 994 1511 1788 1553">
    <p class='ocr_par' dir='ltr' id='par_1_78' title="bbox 994 1511 1788 1553">
     <span class='ocr_line' id='line_1_78' title="bbox 994 1511 1788 1553; baseline -0.015 -5"><span class='ocrx_word' id='word_1_598' title='bbox 994 1522 1100 1553; x_wconf 74' lang='grc' dir='ltr'>νεῖται,</span> <span class='ocrx_word' id='word_1_599' title='bbox 1124 1518 1162 1551; x_wconf 83' lang='grc' dir='ltr'>ὡς</span> <span class='ocrx_word' id='word_1_600' title='bbox 1188 1518 1309 1552; x_wconf 79' lang='grc' dir='ltr'>ζητήσας</span> <span class='ocrx_word' id='word_1_601' title='bbox 1333 1515 1424 1550; x_wconf 84' lang='grc' dir='ltr'>εὑρεῖν</span> <span class='ocrx_word' id='word_1_602' title='bbox 1452 1513 1541 1546; x_wconf 75' lang='grc' dir='ltr'>ἔδοξεν</span> <span class='ocrx_word' id='word_1_603' title='bbox 1574 1511 1788 1548; x_wconf 75' lang='grc' dir='ltr'>Ἀριστοτέλης,</span> 
     </span>
    </p>
   </div>
   <div class='ocr_carea' id='block_1_79' title="bbox 992 1557 1791 1600">
    <p class='ocr_par' dir='ltr' id='par_1_79' title="bbox 992 1557 1791 1600">
     <span class='ocr_line' id='line_1_79' title="bbox 992 1557 1791 1600; baseline -0.018 -3"><span class='ocrx_word' id='word_1_604' title='bbox 992 1571 1087 1598; x_wconf 66' lang='grc' dir='ltr'>ἕνεκεν</span> <span class='ocrx_word' id='word_1_605' title='bbox 1104 1566 1154 1600; x_wconf 85' lang='grc' dir='ltr'><strong>τῆς</strong></span> <span class='ocrx_word' id='word_1_606' title='bbox 1168 1563 1302 1599; x_wconf 72' lang='grc' dir='ltr'>γενέσεως</span> <span class='ocrx_word' id='word_1_607' title='bbox 1316 1562 1372 1589; x_wconf 84' lang='grc' dir='ltr'>τῶν</span> <span class='ocrx_word' id='word_1_608' title='bbox 1386 1561 1452 1596; x_wconf 84' lang='grc' dir='ltr'>περὶ</span> <span class='ocrx_word' id='word_1_609' title='bbox 1459 1560 1512 1595; x_wconf 83' lang='grc' dir='ltr'>γῆν</span> <span class='ocrx_word' id='word_1_610' title='bbox 1527 1559 1618 1586; x_wconf 85' lang='grc' dir='ltr'>τόπων</span> <span class='ocrx_word' id='word_1_611' title='bbox 1633 1557 1702 1593; x_wconf 75' lang='grc' dir='ltr'>πρὸς</span> <span class='ocrx_word' id='word_1_612' title='bbox 1721 1558 1791 1584; x_wconf 80' lang='grc' dir='ltr'>ἀνα-</span> 
     </span>
    </p>
   </div>
   <div class='ocr_carea' id='block_1_80' title="bbox 995 1603 1791 1651">
    <p class='ocr_par' dir='ltr' id='par_1_80' title="bbox 995 1603 1791 1651">
     <span class='ocr_line' id='line_1_80' title="bbox 995 1603 1791 1651; baseline -0.019 -8"><span class='ocrx_word' id='word_1_613' title='bbox 995 1616 1135 1651; x_wconf 75' lang='grc' dir='ltr'>πλήρωσιν</span> <span class='ocrx_word' id='word_1_614' title='bbox 1165 1610 1213 1638; x_wconf 84' lang='grc' dir='ltr'><strong>τοῦ</strong></span> <span class='ocrx_word' id='word_1_615' title='bbox 1238 1608 1348 1640; x_wconf 81' lang='grc' dir='ltr'>παντός.</span> <span class='ocrx_word' id='word_1_616' title='bbox 1377 1607 1409 1634; x_wconf 82' lang='grc' dir='ltr'>Εἰ</span> <span class='ocrx_word' id='word_1_617' title='bbox 1442 1606 1497 1642; x_wconf 86' lang='grc' dir='ltr'><strong>γὰρ</strong></span> <span class='ocrx_word' id='word_1_618' title='bbox 1532 1603 1791 1639; x_wconf 83' lang='grc' dir='ltr'>καταπαραλλήλως</span> 
     </span>
    </p>
   </div>
   <div class='ocr_carea' id='block_1_81' title="bbox 994 1649 1791 1694">
    <p class='ocr_par' dir='ltr' id='par_1_81' title="bbox 994 1649 1791 1694">
     <span class='ocr_line' id='line_1_81' title="bbox 994 1649 1791 1694; baseline -0.018 -5"><span class='ocrx_word' id='word_1_619' title='bbox 994 1649 1120 1690; x_wconf 72' lang='grc' dir='ltr'>ἐκινεῖτο.</span> <span class='ocrx_word' id='word_1_620' title='bbox 1135 1658 1179 1694; x_wconf 57' lang='lat' dir='ltr'><strong>del.</strong></span> <span class='ocrx_word' id='word_1_621' title='bbox 1198 1656 1232 1684; x_wconf 75' lang='grc' dir='ltr'>ἂν</span> <span class='ocrx_word' id='word_1_622' title='bbox 1248 1655 1296 1690; x_wconf 92' lang='grc' dir='ltr'>μία</span> <span class='ocrx_word' id='word_1_623' title='bbox 1311 1653 1371 1690; x_wconf 83' lang='grc' dir='ltr'>ὥρα</span> <span class='ocrx_word' id='word_1_624' title='bbox 1385 1651 1420 1689; x_wconf 79' lang='grc' dir='ltr'>ἦν</span> <span class='ocrx_word' id='word_1_625' title='bbox 1435 1653 1482 1680; x_wconf 88' lang='grc' dir='ltr'><strong>τοῦ</strong></span> <span class='ocrx_word' id='word_1_626' title='bbox 1498 1652 1584 1684; x_wconf 75' lang='grc' dir='ltr'>ἔτους,</span> <span class='ocrx_word' id='word_1_627' title='bbox 1599 1651 1660 1686; x_wconf 77' lang='grc' dir='ltr'>ῆτοι</span> <span class='ocrx_word' id='word_1_628' title='bbox 1675 1650 1756 1686; x_wconf 80' lang='grc' dir='ltr'>θέρος</span> <span class='ocrx_word' id='word_1_629' title='bbox 1772 1649 1791 1685; x_wconf 79' lang='grc' dir='ltr'>ἢ</span> 
     </span>
    </p>
   </div>
   <div class='ocr_carea' id='block_1_82' title="bbox 995 1694 1792 1742">
    <p class='ocr_par' dir='ltr' id='par_1_82' title="bbox 995 1694 1792 1742">
     <span class='ocr_line' id='line_1_82' title="bbox 995 1694 1792 1742; baseline -0.018 -9"><span class='ocrx_word' id='word_1_630' title='bbox 995 1705 1101 1742; x_wconf 82' lang='grc' dir='ltr'>χειμὼν</span> <span class='ocrx_word' id='word_1_631' title='bbox 1115 1703 1133 1738; x_wconf 88' lang='grc' dir='ltr'>ἢ</span> <span class='ocrx_word' id='word_1_632' title='bbox 1147 1702 1215 1736; x_wconf 78' lang='grc' dir='ltr'>άλλη</span> <span class='ocrx_word' id='word_1_633' title='bbox 1230 1709 1284 1732; x_wconf 88' lang='grc' dir='ltr'>τις.</span> <span class='ocrx_word' id='word_1_634' title='bbox 1300 1698 1358 1726; x_wconf 81' lang='grc' dir='ltr'>Νῦν</span> <span class='ocrx_word' id='word_1_635' title='bbox 1370 1698 1399 1725; x_wconf 76' lang='grc' dir='ltr'>δὲ</span> <span class='ocrx_word' id='word_1_636' title='bbox 1413 1699 1445 1725; x_wconf 83' lang='grc' dir='ltr'>ὲκ</span> <span class='ocrx_word' id='word_1_637' title='bbox 1458 1696 1504 1724; x_wconf 80' lang='grc' dir='ltr'><strong>τοῦ</strong></span> <span class='ocrx_word' id='word_1_638' title='bbox 1515 1697 1562 1723; x_wconf 66' lang='grc' dir='ltr'>τὸν</span> <span class='ocrx_word' id='word_1_639' title='bbox 1576 1696 1652 1730; x_wconf 84' lang='grc' dir='ltr'>ήλιον</span> <span class='ocrx_word' id='word_1_640' title='bbox 1664 1694 1713 1721; x_wconf 78' lang='grc' dir='ltr'><strong>καὶ</strong></span> <span class='ocrx_word' id='word_1_641' title='bbox 1725 1694 1792 1724; x_wconf 77' lang='grc' dir='ltr'>τοὺς</span> 
     </span>
    </p>
   </div>
   <div class='ocr_carea' id='block_1_83' title="bbox 987 1740 1794 1784">
    <p class='ocr_par' dir='ltr' id='par_1_83' title="bbox 987 1740 1794 1784">
     <span class='ocr_line' id='line_1_83' title="bbox 987 1740 1794 1784; baseline -0.017 -4"><span class='ocrx_word' id='word_1_642' title='bbox 987 1740 1094 1784; x_wconf 60' lang='grc' dir='ltr'>-άλλους</span> <span class='ocrx_word' id='word_1_643' title='bbox 1105 1750 1244 1784; x_wconf 82' lang='grc' dir='ltr'>πλάνητας</span> <span class='ocrx_word' id='word_1_644' title='bbox 1261 1745 1436 1782; x_wconf 64' lang='grc' dir='ltr'>μταὸαἰνειν</span> <span class='ocrx_word' id='word_1_645' title='bbox 1447 1744 1501 1771; x_wconf 83' lang='grc' dir='ltr'>ἀπὸ</span> <span class='ocrx_word' id='word_1_646' title='bbox 1516 1743 1613 1776; x_wconf 78' lang='grc' dir='ltr'>ζωδίου</span> <span class='ocrx_word' id='word_1_647' title='bbox 1631 1742 1677 1768; x_wconf 74' lang='grc' dir='ltr'><strong>ἐπὶ</strong></span> <span class='ocrx_word' id='word_1_648' title='bbox 1693 1740 1794 1773; x_wconf 84' lang='grc' dir='ltr'>ζώδιον</span> 
     </span>
    </p>
   </div>
   <div class='ocr_carea' id='block_1_84' title="bbox 996 1787 1793 1834">
    <p class='ocr_par' dir='ltr' id='par_1_84' title="bbox 996 1787 1793 1834">
     <span class='ocr_line' id='line_1_84' title="bbox 996 1787 1793 1834; baseline -0.018 -8"><span class='ocrx_word' id='word_1_649' title='bbox 996 1799 1119 1834; x_wconf 82' lang='grc' dir='ltr'>γίνονται</span> <span class='ocrx_word' id='word_1_650' title='bbox 1135 1796 1164 1823; x_wconf 86' lang='grc' dir='ltr'>αί</span> <span class='ocrx_word' id='word_1_651' title='bbox 1182 1791 1331 1830; x_wconf 75' lang='grc' dir='ltr'>μεταϐολαὶ</span> <span class='ocrx_word' id='word_1_652' title='bbox 1344 1791 1398 1817; x_wconf 81' lang='grc' dir='ltr'>τῶν</span> <span class='ocrx_word' id='word_1_653' title='bbox 1413 1790 1493 1825; x_wconf 85' lang='grc' dir='ltr'>ὡρῶν</span> <span class='ocrx_word' id='word_1_654' title='bbox 1518 1789 1663 1824; x_wconf 79' lang='grc' dir='ltr'>τέσσαρες,</span> <span class='ocrx_word' id='word_1_655' title='bbox 1687 1787 1736 1813; x_wconf 80' lang='grc' dir='ltr'>καὶ</span> <span class='ocrx_word' id='word_1_656' title='bbox 1757 1787 1793 1812; x_wconf 78' lang='grc' dir='ltr'>ὲκ</span> 
     </span>
    </p>
   </div>
   <div class='ocr_carea' id='block_1_85' title="bbox 996 1833 1793 1879">
    <p class='ocr_par' dir='ltr' id='par_1_85' title="bbox 996 1833 1793 1879">
     <span class='ocr_line' id='line_1_85' title="bbox 996 1833 1793 1879; baseline -0.018 -8"><span class='ocrx_word' id='word_1_657' title='bbox 996 1833 1047 1879; x_wconf 82' lang='grc' dir='ltr'><strong>τῆς</strong></span> <span class='ocrx_word' id='word_1_658' title='bbox 1071 1841 1176 1869; x_wconf 84' lang='grc' dir='ltr'>τούτων</span> <span class='ocrx_word' id='word_1_659' title='bbox 1199 1839 1238 1871; x_wconf 83' lang='grc' dir='ltr'><strong>εἰς</strong></span> <span class='ocrx_word' id='word_1_660' title='bbox 1260 1837 1362 1872; x_wconf 80' lang='grc' dir='ltr'>ἄλληλα</span> <span class='ocrx_word' id='word_1_661' title='bbox 1370 1836 1392 1852; x_wconf 75' lang='grc'><strong>’⁸</strong></span> <span class='ocrx_word' id='word_1_662' title='bbox 1409 1835 1561 1871; x_wconf 80' lang='grc' dir='ltr'>μεταῦολῆς</span> <span class='ocrx_word' id='word_1_663' title='bbox 1583 1833 1611 1860; x_wconf 79' lang='grc' dir='ltr'>οἵ</span> <span class='ocrx_word' id='word_1_664' title='bbox 1632 1841 1664 1859; x_wconf 79' lang='grc' dir='ltr'><strong>τε</strong></span> <span class='ocrx_word' id='word_1_665' title='bbox 1686 1833 1793 1866; x_wconf 76' lang='grc' dir='ltr'>καρποὶ</span> 
     </span>
    </p>
   </div>
   <div class='ocr_carea' id='block_1_86' title="bbox 997 1877 1790 1923">
    <p class='ocr_par' dir='ltr' id='par_1_86' title="bbox 997 1877 1790 1923">
     <span class='ocr_line' id='line_1_86' title="bbox 997 1877 1790 1923; baseline -0.018 -7"><span class='ocrx_word' id='word_1_666' title='bbox 997 1877 1111 1923; x_wconf 70' lang='grc' dir='ltr'>φῦονται</span> <span class='ocrx_word' id='word_1_667' title='bbox 1127 1885 1174 1913; x_wconf 70' lang='grc' dir='ltr'>καὶ</span> <span class='ocrx_word' id='word_1_668' title='bbox 1186 1885 1215 1912; x_wconf 81' lang='grc' dir='ltr'>αἱ</span> <span class='ocrx_word' id='word_1_669' title='bbox 1225 1884 1248 1900; x_wconf 83' lang='grc'><strong><em>⁹⁵</em></strong></span> <span class='ocrx_word' id='word_1_670' title='bbox 1264 1882 1344 1910; x_wconf 78' lang='grc' dir='ltr'>ἄλλαι</span> <span class='ocrx_word' id='word_1_671' title='bbox 1358 1881 1482 1915; x_wconf 81' lang='grc' dir='ltr'>γενέσεις</span> <span class='ocrx_word' id='word_1_672' title='bbox 1495 1879 1550 1906; x_wconf 86' lang='grc' dir='ltr'>τῶν</span> <span class='ocrx_word' id='word_1_673' title='bbox 1565 1878 1642 1911; x_wconf 76' lang='grc' dir='ltr'>ζώων</span> <span class='ocrx_word' id='word_1_674' title='bbox 1656 1877 1790 1911; x_wconf 83' lang='grc' dir='ltr'>γίνονται.</span> 
     </span>
    </p>
   </div>
   <div class='ocr_carea' id='block_1_87' title="bbox 999 1923 1792 1967">
    <p class='ocr_par' dir='ltr' id='par_1_87' title="bbox 999 1923 1792 1967">
     <span class='ocr_line' id='line_1_87' title="bbox 999 1923 1792 1967; baseline -0.015 -7"><span class='ocrx_word' id='word_1_675' title='bbox 999 1934 1060 1960; x_wconf 85' lang='grc' dir='ltr'>Ὅτι</span> <span class='ocrx_word' id='word_1_676' title='bbox 1079 1933 1094 1959; x_wconf 88' lang='lat'><strong>6</strong></span> <span class='ocrx_word' id='word_1_677' title='bbox 1120 1931 1169 1967; x_wconf 75' lang='grc' dir='ltr'><strong>μὲν</strong></span> <span class='ocrx_word' id='word_1_678' title='bbox 1182 1930 1269 1966; x_wconf 81' lang='grc' dir='ltr'>ἥλιος,</span> <span class='ocrx_word' id='word_1_679' title='bbox 1284 1928 1321 1960; x_wconf 85' lang='grc' dir='ltr'>ὡς</span> <span class='ocrx_word' id='word_1_680' title='bbox 1336 1924 1414 1959; x_wconf 76' lang='grc' dir='ltr'>οὗτος</span> <span class='ocrx_word' id='word_1_681' title='bbox 1431 1925 1535 1953; x_wconf 78' lang='grc' dir='ltr'>οἰκείαν</span> <span class='ocrx_word' id='word_1_682' title='bbox 1550 1925 1734 1958; x_wconf 77' lang='grc' dir='ltr'>ἀποφαίνεται</span> <span class='ocrx_word' id='word_1_683' title='bbox 1744 1923 1792 1949; x_wconf 67' lang='lat'><strong>6&amp;-</strong></span> 
     </span>
    </p>
   </div>
   <div class='ocr_carea' id='block_1_88' title="bbox 998 1968 1793 2013">
    <p class='ocr_par' dir='ltr' id='par_1_88' title="bbox 998 1968 1793 2013">
     <span class='ocr_line' id='line_1_88' title="bbox 998 1968 1793 2013; baseline -0.016 -7"><span class='ocrx_word' id='word_1_684' title='bbox 998 1980 1058 2012; x_wconf 86' lang='grc' dir='ltr'>ξαν,</span> <span class='ocrx_word' id='word_1_685' title='bbox 1073 1978 1108 2013; x_wconf 82' lang='grc' dir='ltr'>ἢν</span> <span class='ocrx_word' id='word_1_686' title='bbox 1125 1977 1172 2004; x_wconf 77' lang='grc' dir='ltr'><strong>καὶ</strong></span> <span class='ocrx_word' id='word_1_687' title='bbox 1183 1974 1270 2010; x_wconf 83' lang='grc' dir='ltr'>ἀληθῆ</span> <span class='ocrx_word' id='word_1_688' title='bbox 1285 1974 1371 2007; x_wconf 82' lang='grc' dir='ltr'>λέγει,</span> <span class='ocrx_word' id='word_1_689' title='bbox 1393 1969 1651 1999; x_wconf 79' lang='grc' dir='ltr'>ἐκατονταπλασίων</span> <span class='ocrx_word' id='word_1_690' title='bbox 1663 1968 1723 1995; x_wconf 68' lang='grc' dir='ltr'>ἐστὶ</span> <span class='ocrx_word' id='word_1_691' title='bbox 1739 1968 1793 2002; x_wconf 82' lang='grc' dir='ltr'><strong>τῆς</strong></span> 
     </span>
    </p>
   </div>
   <div class='ocr_carea' id='block_1_89' title="bbox 998 2014 1794 2060">
    <p class='ocr_par' dir='ltr' id='par_1_89' title="bbox 998 2014 1794 2060">
     <span class='ocr_line' id='line_1_89' title="bbox 998 2014 1794 2060; baseline -0.015 -9"><span class='ocrx_word' id='word_1_692' title='bbox 998 2025 1060 2060; x_wconf 82' lang='grc' dir='ltr'>γῆς.</span> <span class='ocrx_word' id='word_1_693' title='bbox 1075 2024 1107 2050; x_wconf 82' lang='lat' dir='ltr'><strong>Oi</strong></span> <span class='ocrx_word' id='word_1_694' title='bbox 1122 2022 1153 2049; x_wconf 74' lang='grc' dir='ltr'>δὲ</span> <span class='ocrx_word' id='word_1_695' title='bbox 1167 2021 1262 2048; x_wconf 79' lang='grc' dir='ltr'>πολλοὶ</span> <span class='ocrx_word' id='word_1_696' title='bbox 1275 2020 1325 2046; x_wconf 81' lang='grc' dir='ltr'>οὐκ</span> <span class='ocrx_word' id='word_1_697' title='bbox 1339 2019 1470 2046; x_wconf 83' lang='grc' dir='ltr'>ὲλόιττονα</span> <span class='ocrx_word' id='word_1_698' title='bbox 1503 2015 1550 2044; x_wconf 76' lang='grc' dir='ltr'><strong>τοῦ</strong></span> <span class='ocrx_word' id='word_1_699' title='bbox 1572 2014 1794 2050; x_wconf 81' lang='grc' dir='ltr'>τριακονταπλα-</span> 
     </span>
    </p>
   </div>
   <div class='ocr_carea' id='block_1_90' title="bbox 1000 2059 1792 2102">
    <p class='ocr_par' dir='ltr' id='par_1_90' title="bbox 1000 2059 1792 2102">
     <span class='ocr_line' id='line_1_90' title="bbox 1000 2059 1792 2102; baseline -0.014 -6"><span class='ocrx_word' id='word_1_700' title='bbox 1000 2070 1074 2096; x_wconf 84' lang='grc' dir='ltr'>σίονα</span> <span class='ocrx_word' id='word_1_701' title='bbox 1087 2068 1173 2102; x_wconf 84' lang='grc' dir='ltr'>αὐτῆς</span> <span class='ocrx_word' id='word_1_702' title='bbox 1189 2073 1284 2101; x_wconf 83' lang='grc' dir='ltr'>φασιν.</span> <span class='ocrx_word' id='word_1_703' title='bbox 1298 2065 1361 2092; x_wconf 84' lang='grc' dir='ltr'>Ὅτι</span> <span class='ocrx_word' id='word_1_704' title='bbox 1380 2064 1467 2099; x_wconf 79' lang='grc' dir='ltr'>μέγαν</span> <span class='ocrx_word' id='word_1_705' title='bbox 1483 2061 1607 2089; x_wconf 67' lang='grc' dir='ltr'>ἐνιαυτὸν</span> <span class='ocrx_word' id='word_1_706' title='bbox 1619 2061 1667 2087; x_wconf 77' lang='grc' dir='ltr'><strong>καὶ</strong></span> <span class='ocrx_word' id='word_1_707' title='bbox 1682 2060 1732 2094; x_wconf 83' lang='grc' dir='ltr'>τὴν</span> <span class='ocrx_word' id='word_1_708' title='bbox 1743 2059 1792 2086; x_wconf 77' lang='grc' dir='ltr'><strong>τοῦ</strong></span> 
     </span>
    </p>
   </div>
   <div class='ocr_carea' id='block_1_91' title="bbox 999 2105 1795 2150">
    <p class='ocr_par' dir='ltr' id='par_1_91' title="bbox 999 2105 1795 2150">
     <span class='ocr_line' id='line_1_91' title="bbox 999 2105 1795 2150; baseline -0.014 -8"><span class='ocrx_word' id='word_1_709' title='bbox 999 2115 1104 2150; x_wconf 83' lang='grc' dir='ltr'>Κρόνου</span> <span class='ocrx_word' id='word_1_710' title='bbox 1128 2111 1252 2148; x_wconf 83' lang='grc' dir='ltr'>περίοδόν</span> <span class='ocrx_word' id='word_1_711' title='bbox 1275 2118 1369 2145; x_wconf 81' lang='grc' dir='ltr'>φασιν,</span> <span class='ocrx_word' id='word_1_712' title='bbox 1387 2109 1460 2136; x_wconf 80' lang='grc' dir='ltr'>ὂτι⁹⁶</span> <span class='ocrx_word' id='word_1_713' title='bbox 1481 2107 1536 2134; x_wconf 85' lang='grc' dir='ltr'><strong>τῶν</strong></span> <span class='ocrx_word' id='word_1_714' title='bbox 1551 2106 1655 2133; x_wconf 85' lang='grc' dir='ltr'>λοιπῶν</span> <span class='ocrx_word' id='word_1_715' title='bbox 1677 2106 1709 2139; x_wconf 77' lang='grc' dir='ltr'>ἓξ</span> <span class='ocrx_word' id='word_1_716' title='bbox 1724 2105 1795 2132; x_wconf 84' lang='grc' dir='ltr'>πλα-</span> 
     </span>
    </p>
   </div>
   <div class='ocr_carea' id='block_1_92' title="bbox 999 2151 1794 2196">
    <p class='ocr_par' dir='ltr' id='par_1_92' title="bbox 999 2151 1794 2196">
     <span class='ocr_line' id='line_1_92' title="bbox 999 2151 1794 2196; baseline -0.014 -8"><span class='ocrx_word' id='word_1_717' title='bbox 999 2161 1129 2196; x_wconf 79' lang='grc' dir='ltr'>νωμένων</span> <span class='ocrx_word' id='word_1_718' title='bbox 1138 2160 1160 2175; x_wconf 77' lang='grc'><strong>³⁷</strong></span> <span class='ocrx_word' id='word_1_719' title='bbox 1176 2160 1206 2186; x_wconf 79' lang='grc' dir='ltr'>ὲν</span> <span class='ocrx_word' id='word_1_720' title='bbox 1219 2157 1343 2184; x_wconf 70' lang='grc' dir='ltr'>ἐλάττονι</span> <span class='ocrx_word' id='word_1_721' title='bbox 1357 2155 1448 2191; x_wconf 81' lang='grc' dir='ltr'>χρόνῳ</span> <span class='ocrx_word' id='word_1_722' title='bbox 1462 2151 1540 2186; x_wconf 69' lang='grc' dir='ltr'>οὗτος</span> <span class='ocrx_word' id='word_1_723' title='bbox 1554 2154 1584 2180; x_wconf 79' lang='grc' dir='ltr'>ὲν</span> <span class='ocrx_word' id='word_1_724' title='bbox 1597 2153 1621 2169; x_wconf 75' lang='grc'><strong><em>’⁵</em></strong></span> <span class='ocrx_word' id='word_1_725' title='bbox 1643 2152 1794 2188; x_wconf 81' lang='grc' dir='ltr'>τριάκοντα</span> 
     </span>
    </p>
   </div>
   <div class='ocr_carea' id='block_1_93' title="bbox 159 2196 942 2242">
    <p class='ocr_par' dir='ltr' id='par_1_93' title="bbox 159 2204 942 2242">
     <span class='ocr_line' id='line_1_93' title="bbox 159 2204 942 2242; baseline -0.005 -8"><span class='ocrx_word' id='word_1_726' title='bbox 159 2208 286 2242; x_wconf 74' lang='lat' dir='ltr'><strong>tltagoras</strong></span> <span class='ocrx_word' id='word_1_727' title='bbox 301 2206 399 2234; x_wconf 61' lang='lat' dir='ltr'><strong>caelum</strong></span> <span class='ocrx_word' id='word_1_728' title='bbox 415 2212 476 2233; x_wconf 88' lang='lat' dir='ltr'><strong>esse</strong></span> <span class='ocrx_word' id='word_1_729' title='bbox 490 2205 618 2232; x_wconf 91' lang='lat' dir='ltr'><strong>mundum</strong></span> <span class='ocrx_word' id='word_1_730' title='bbox 629 2204 706 2237; x_wconf 78' lang='lat' dir='ltr'><strong>dixit,</strong></span> <span class='ocrx_word' id='word_1_731' title='bbox 719 2204 782 2238; x_wconf 89' lang='lat' dir='ltr'><strong>quia</strong></span> <span class='ocrx_word' id='word_1_732' title='bbox 796 2204 942 2238; x_wconf 76' lang='lat' dir='ltr'><strong>perfeelllm</strong></span> 
     </span>
    </p>
   </div>
   <div class='ocr_carea' id='block_1_94' title="bbox 994 2196 1794 2242">
    <p class='ocr_par' dir='ltr' id='par_1_94' title="bbox 998 2196 1794 2239">
     <span class='ocr_line' id='line_1_94' title="bbox 998 2196 1794 2239; baseline -0.011 -7"><span class='ocrx_word' id='word_1_733' title='bbox 998 2205 1043 2232; x_wconf 81' lang='grc' dir='ltr'>τὸν</span> <span class='ocrx_word' id='word_1_734' title='bbox 1059 2206 1159 2231; x_wconf 75' lang='grc' dir='ltr'>οἰκεῖον</span> <span class='ocrx_word' id='word_1_735' title='bbox 1176 2204 1277 2239; x_wconf 86' lang='grc' dir='ltr'>δρόμον</span> <span class='ocrx_word' id='word_1_736' title='bbox 1303 2201 1463 2237; x_wconf 81' lang='grc' dir='ltr'>ἀπαρτίζει.</span> <span class='ocrx_word' id='word_1_737' title='bbox 1479 2200 1534 2227; x_wconf 78' lang='grc' dir='ltr'><strong>Καὶ</strong></span> <span class='ocrx_word' id='word_1_738' title='bbox 1546 2198 1630 2234; x_wconf 79' lang='grc' dir='ltr'><strong>γὰρ¹¹⁹</strong></span> <span class='ocrx_word' id='word_1_739' title='bbox 1646 2199 1661 2224; x_wconf 89' lang='lat'><strong>6</strong></span> <span class='ocrx_word' id='word_1_740' title='bbox 1680 2198 1730 2232; x_wconf 77' lang='grc' dir='ltr'>μὲν</span> <span class='ocrx_word' id='word_1_741' title='bbox 1745 2196 1794 2223; x_wconf 82' lang='grc' dir='ltr'><strong>τοῦ</strong></span> 
     </span>
    </p>
   </div>
   <div class='ocr_carea' id='block_1_95' title="bbox 158 2249 948 2286">
    <p class='ocr_par' dir='ltr' id='par_1_95' title="bbox 158 2249 948 2286">
     <span class='ocr_line' id='line_1_95' title="bbox 158 2249 948 2286; baseline -0.006 -6"><span class='ocrx_word' id='word_1_742' title='bbox 158 2258 211 2284; x_wconf 86' lang='lat' dir='ltr'><strong>est,</strong></span> <span class='ocrx_word' id='word_1_743' title='bbox 243 2252 424 2286; x_wconf 90' lang='lat' dir='ltr'><strong>omnibusque</strong></span> <span class='ocrx_word' id='word_1_744' title='bbox 443 2250 629 2277; x_wconf 85' lang='lat' dir='ltr'><strong>animantibus</strong></span> <span class='ocrx_word' id='word_1_745' title='bbox 649 2257 681 2276; x_wconf 90' lang='lat' dir='ltr'><strong>ac</strong></span> <span class='ocrx_word' id='word_1_746' title='bbox 717 2249 802 2283; x_wconf 79' lang='lat' dir='ltr'><strong>signis</strong></span> <span class='ocrx_word' id='word_1_747' title='bbox 828 2249 948 2283; x_wconf 86' lang='lat' dir='ltr'><strong>pulchris</strong></span> 
     </span>
    </p>
   </div>
   <div class='ocr_carea' id='block_1_96' title="bbox 158 2294 946 2328">
    <p class='ocr_par' dir='ltr' id='par_1_96' title="bbox 158 2294 946 2328">
     <span class='ocr_line' id='line_1_96' title="bbox 158 2294 946 2328; baseline -0.01 0"><span class='ocrx_word' id='word_1_748' title='bbox 158 2301 312 2328; x_wconf 85' lang='lat' dir='ltr'><strong>decoratur.</strong></span> <span class='ocrx_word' id='word_1_749' title='bbox 327 2298 405 2325; x_wconf 87' lang='lat' dir='ltr'><strong>Plato</strong></span> <span class='ocrx_word' id='word_1_750' title='bbox 421 2302 449 2325; x_wconf 90' lang='lat' dir='ltr'><strong>et</strong></span> <span class='ocrx_word' id='word_1_751' title='bbox 475 2295 634 2324; x_wconf 77' lang='lat' dir='ltr'><strong>Aristoteles</strong></span> <span class='ocrx_word' id='word_1_752' title='bbox 655 2302 709 2322; x_wconf 88' lang='lat' dir='ltr'><strong>uno</strong></span> <span class='ocrx_word' id='word_1_753' title='bbox 732 2301 867 2322; x_wconf 77' lang='lat' dir='ltr'><strong>consensu</strong></span> <span class='ocrx_word' id='word_1_754' title='bbox 893 2294 946 2320; x_wconf 92' lang='lat' dir='ltr'><strong>im-</strong></span> 
     </span>
    </p>
   </div>
   <div class='ocr_carea' id='block_1_97' title="bbox 160 2340 941 2376">
    <p class='ocr_par' dir='ltr' id='par_1_97' title="bbox 160 2340 941 2376">
     <span class='ocr_line' id='line_1_97' title="bbox 160 2340 941 2376; baseline -0.008 -4"><span class='ocrx_word' id='word_1_755' title='bbox 160 2344 301 2372; x_wconf 74' lang='lat' dir='ltr'><strong>mortalem</strong></span> <span class='ocrx_word' id='word_1_756' title='bbox 314 2344 407 2372; x_wconf 88' lang='lat' dir='ltr'><strong>dicunt</strong></span> <span class='ocrx_word' id='word_1_757' title='bbox 424 2342 555 2373; x_wconf 82' lang='lat' dir='ltr'><strong>animum,</strong></span> <span class='ocrx_word' id='word_1_758' title='bbox 572 2341 695 2376; x_wconf 86' lang='lat' dir='ltr'><strong>quamvis</strong></span> <span class='ocrx_word' id='word_1_759' title='bbox 711 2340 756 2368; x_wconf 91' lang='lat' dir='ltr'><strong>alii</strong></span> <span class='ocrx_word' id='word_1_760' title='bbox 769 2340 850 2368; x_wconf 81' lang='lat' dir='ltr'><strong>altam</strong></span> <span class='ocrx_word' id='word_1_761' title='bbox 868 2347 941 2367; x_wconf 82' lang='lat' dir='ltr'><strong>men~</strong></span> 
     </span>
    </p>
   </div>
   <div class='ocr_carea' id='block_1_98' title="bbox 161 2385 947 2420">
    <p class='ocr_par' dir='ltr' id='par_1_98' title="bbox 161 2385 947 2420">
     <span class='ocr_line' id='line_1_98' title="bbox 161 2385 947 2420; baseline -0.008 -2"><span class='ocrx_word' id='word_1_762' title='bbox 161 2397 214 2419; x_wconf 79' lang='lat' dir='ltr'><strong>tem</strong></span> <span class='ocrx_word' id='word_1_763' title='bbox 235 2389 389 2418; x_wconf 85' lang='lat' dir='ltr'><strong>Aristotelis</strong></span> <span class='ocrx_word' id='word_1_764' title='bbox 414 2395 467 2416; x_wconf 89' lang='lat' dir='ltr'><strong>non</strong></span> <span class='ocrx_word' id='word_1_765' title='bbox 491 2387 688 2420; x_wconf 82' lang='lat' dir='ltr'><strong>iutelligentes,</strong></span> <span class='ocrx_word' id='word_1_766' title='bbox 718 2385 859 2412; x_wconf 86' lang='lat' dir='ltr'><strong>mortalem</strong></span> <span class='ocrx_word' id='word_1_767' title='bbox 886 2391 947 2412; x_wconf 86' lang='lat' dir='ltr'><strong>esse</strong></span> 
     </span>
    </p>
   </div>
   <div class='ocr_carea' id='block_1_99' title="bbox 159 2429 949 2465">
    <p class='ocr_par' dir='ltr' id='par_1_99' title="bbox 159 2429 949 2465">
     <span class='ocr_line' id='line_1_99' title="bbox 159 2429 949 2465; baseline -0.01 -1"><span class='ocrx_word' id='word_1_768' title='bbox 159 2437 278 2465; x_wconf 80' lang='lat' dir='ltr'><strong>animant</strong></span> <span class='ocrx_word' id='word_1_769' title='bbox 288 2442 349 2463; x_wconf 86' lang='lat' dir='ltr'><strong>eum</strong></span> <span class='ocrx_word' id='word_1_770' title='bbox 358 2434 447 2462; x_wconf 78' lang='lat' dir='ltr'><strong>dicere</strong></span> <span class='ocrx_word' id='word_1_771' title='bbox 460 2433 626 2460; x_wconf 76' lang='lat' dir='ltr'><strong>existiment.</strong></span> <span class='ocrx_word' id='word_1_772' title='bbox 643 2431 745 2459; x_wconf 77' lang='lat' dir='ltr'><strong>Dicitur</strong></span> <span class='ocrx_word' id='word_1_773' title='bbox 760 2431 840 2458; x_wconf 83' lang='lat' dir='ltr'><strong>homo</strong></span> <span class='ocrx_word' id='word_1_774' title='bbox 852 2429 949 2465; x_wconf 65' lang='grc' dir='ltr'>μικρός</span> 
     </span>
    </p>
   </div>
   <div class='ocr_carea' id='block_1_100' title="bbox 159 2476 948 2517">
    <p class='ocr_par' dir='ltr' id='par_1_100' title="bbox 159 2476 948 2517">
     <span class='ocr_line' id='line_1_100' title="bbox 159 2476 948 2517; baseline -0.011 -7"><span class='ocrx_word' id='word_1_775' title='bbox 159 2490 262 2517; x_wconf 87' lang='grc' dir='ltr'>κοσμος</span> <span class='ocrx_word' id='word_1_776' title='bbox 278 2481 315 2516; x_wconf 92' lang='lat' dir='ltr'><strong>(id</strong></span> <span class='ocrx_word' id='word_1_777' title='bbox 332 2484 374 2508; x_wconf 75' lang='lat' dir='ltr'><strong>est</strong></span> <span class='ocrx_word' id='word_1_778' title='bbox 394 2480 486 2507; x_wconf 86' lang='lat' dir='ltr'><strong>mundi</strong></span> <span class='ocrx_word' id='word_1_779' title='bbox 507 2477 711 2512; x_wconf 81' lang='lat' dir='ltr'><strong>compendium)</strong></span> <span class='ocrx_word' id='word_1_780' title='bbox 729 2484 780 2503; x_wconf 91' lang='lat' dir='ltr'><strong>non</strong></span> <span class='ocrx_word' id='word_1_781' title='bbox 800 2476 862 2510; x_wconf 89' lang='lat' dir='ltr'><strong>quia</strong></span> <span class='ocrx_word' id='word_1_782' title='bbox 881 2483 948 2510; x_wconf 86' lang='lat' dir='ltr'><strong>qua-</strong></span> 
     </span>
    </p>
   </div>
   <div class='ocr_carea' id='block_1_101' title="bbox 161 2522 948 2560">
    <p class='ocr_par' dir='ltr' id='par_1_101' title="bbox 161 2522 948 2560">
     <span class='ocr_line' id='line_1_101' title="bbox 161 2522 948 2560; baseline -0.01 -5"><span class='ocrx_word' id='word_1_783' title='bbox 161 2534 222 2555; x_wconf 89' lang='lat' dir='ltr'><strong>tuor</strong></span> <span class='ocrx_word' id='word_1_784' title='bbox 248 2531 278 2554; x_wconf 93' lang='lat' dir='ltr'><strong>ut</strong></span> <span class='ocrx_word' id='word_1_785' title='bbox 302 2525 407 2560; x_wconf 87' lang='lat' dir='ltr'><strong>reliqua</strong></span> <span class='ocrx_word' id='word_1_786' title='bbox 432 2523 558 2552; x_wconf 88' lang='lat' dir='ltr'><strong>animalia</strong></span> <span class='ocrx_word' id='word_1_787' title='bbox 586 2523 667 2550; x_wconf 83' lang='lat' dir='ltr'><strong>etiam</strong></span> <span class='ocrx_word' id='word_1_788' title='bbox 700 2522 811 2549; x_wconf 90' lang='lat' dir='ltr'><strong>minima</strong></span> <span class='ocrx_word' id='word_1_789' title='bbox 843 2525 948 2548; x_wconf 84' lang='lat' dir='ltr'><strong>constet</strong></span> 
     </span>
    </p>
   </div>
   <div class='ocr_carea' id='block_1_102' title="bbox 159 2568 951 2605">
    <p class='ocr_par' dir='ltr' id='par_1_102' title="bbox 159 2568 951 2605">
     <span class='ocr_line' id='line_1_102' title="bbox 159 2568 951 2605; baseline -0.009 -3"><span class='ocrx_word' id='word_1_790' title='bbox 159 2573 322 2602; x_wconf 86' lang='lat' dir='ltr'><strong>elementis:</strong></span> <span class='ocrx_word' id='word_1_791' title='bbox 340 2578 434 2599; x_wconf 91' lang='lat' dir='ltr'><strong>verum</strong></span> <span class='ocrx_word' id='word_1_792' title='bbox 450 2571 511 2605; x_wconf 82' lang='lat' dir='ltr'><strong>quia</strong></span> <span class='ocrx_word' id='word_1_793' title='bbox 528 2576 622 2597; x_wconf 86' lang='lat' dir='ltr'><strong>omnes</strong></span> <span class='ocrx_word' id='word_1_794' title='bbox 639 2569 730 2596; x_wconf 87' lang='lat' dir='ltr'><strong>mundi</strong></span> <span class='ocrx_word' id='word_1_795' title='bbox 755 2568 867 2596; x_wconf 85' lang='lat' dir='ltr'><strong>virtutes</strong></span> <span class='ocrx_word' id='word_1_796' title='bbox 886 2576 951 2596; x_wconf 90' lang='lat' dir='ltr'><strong>con-</strong></span> 
     </span>
    </p>
   </div>
   <div class='ocr_carea' id='block_1_103' title="bbox 999 2242 1794 2284">
    <p class='ocr_par' dir='ltr' id='par_1_103' title="bbox 999 2242 1794 2284">
     <span class='ocr_line' id='line_1_103' title="bbox 999 2242 1794 2284; baseline -0.011 -7"><span class='ocrx_word' id='word_1_797' title='bbox 999 2250 1061 2282; x_wconf 74' lang='grc' dir='ltr'>Διὸς</span> <span class='ocrx_word' id='word_1_798' title='bbox 1083 2251 1112 2276; x_wconf 85' lang='grc' dir='ltr'>ὲν</span> <span class='ocrx_word' id='word_1_799' title='bbox 1135 2250 1167 2284; x_wconf 80' lang='grc' dir='ltr'><strong>ιβ’</strong></span> <span class='ocrx_word' id='word_1_800' title='bbox 1181 2249 1254 2275; x_wconf 72' lang='grc' dir='ltr'>ἔτεσι</span> <span class='ocrx_word' id='word_1_801' title='bbox 1276 2247 1323 2274; x_wconf 82' lang='grc' dir='ltr'>τὸν</span> <span class='ocrx_word' id='word_1_802' title='bbox 1346 2247 1412 2274; x_wconf 83' lang='grc' dir='ltr'>ἰδιον</span> <span class='ocrx_word' id='word_1_803' title='bbox 1434 2245 1606 2280; x_wconf 81' lang='grc' dir='ltr'>διαπεραίνει</span> <span class='ocrx_word' id='word_1_804' title='bbox 1628 2243 1741 2275; x_wconf 85' lang='grc' dir='ltr'>κύκλον,</span> <span class='ocrx_word' id='word_1_805' title='bbox 1764 2242 1794 2268; x_wconf 76' lang='grc' dir='ltr'>ἐν</span> 
     </span>
    </p>
   </div>
   <div class='ocr_carea' id='block_1_104' title="bbox 999 2288 1795 2331">
    <p class='ocr_par' dir='ltr' id='par_1_104' title="bbox 999 2288 1795 2331">
     <span class='ocr_line' id='line_1_104' title="bbox 999 2288 1795 2331; baseline -0.011 -8"><span class='ocrx_word' id='word_1_806' title='bbox 999 2296 1059 2323; x_wconf 79' lang='grc' dir='ltr'>δυσὶ</span> <span class='ocrx_word' id='word_1_807' title='bbox 1073 2296 1102 2323; x_wconf 79' lang='grc' dir='ltr'>δὲ</span> <span class='ocrx_word' id='word_1_808' title='bbox 1115 2297 1130 2323; x_wconf 85' lang='lat'><strong>6</strong></span> <span class='ocrx_word' id='word_1_809' title='bbox 1143 2296 1241 2331; x_wconf 80' lang='grc' dir='ltr'>”Λρης,</span> <span class='ocrx_word' id='word_1_810' title='bbox 1256 2295 1270 2321; x_wconf 90' lang='lat'><strong>6</strong></span> <span class='ocrx_word' id='word_1_811' title='bbox 1283 2293 1312 2320; x_wconf 73' lang='grc' dir='ltr'>δὲ</span> <span class='ocrx_word' id='word_1_812' title='bbox 1327 2292 1404 2328; x_wconf 76' lang='grc' dir='ltr'><strong>⁴Ὶιλιος</strong></span> <span class='ocrx_word' id='word_1_813' title='bbox 1424 2289 1542 2326; x_wconf 65' lang='grc' dir='ltr'>ἐνιαυτῷ</span> <span class='ocrx_word' id='word_1_814' title='bbox 1553 2297 1561 2306; x_wconf 90' lang='grc'>·</span> <span class='ocrx_word' id='word_1_815' title='bbox 1582 2289 1687 2325; x_wconf 81' lang='grc' dir='ltr'>Ἐρμῆς</span> <span class='ocrx_word' id='word_1_816' title='bbox 1703 2288 1734 2315; x_wconf 81' lang='grc' dir='ltr'>δὲ</span> <span class='ocrx_word' id='word_1_817' title='bbox 1747 2288 1795 2315; x_wconf 77' lang='grc' dir='ltr'>καὶ</span> 
     </span>
    </p>
   </div>
   <div class='ocr_carea' id='block_1_105' title="bbox 1005 2335 1796 2377">
    <p class='ocr_par' dir='ltr' id='par_1_105' title="bbox 1005 2335 1796 2377">
     <span class='ocr_line' id='line_1_105' title="bbox 1005 2335 1796 2377; baseline -0.013 -8"><span class='ocrx_word' id='word_1_818' title='bbox 1005 2342 1168 2377; x_wconf 78' lang='grc' dir='ltr'>’Δφροδίτη¹</span> <span class='ocrx_word' id='word_1_819' title='bbox 1196 2339 1350 2375; x_wconf 84' lang='grc' dir='ltr'>ἰσοταχεῖς¹</span> <span class='ocrx_word' id='word_1_820' title='bbox 1367 2338 1407 2375; x_wconf 82' lang='grc' dir='ltr'><strong>τῷ</strong></span> <span class='ocrx_word' id='word_1_821' title='bbox 1429 2338 1516 2373; x_wconf 79' lang='grc' dir='ltr'>ἡλίῳ·</span> <span class='ocrx_word' id='word_1_822' title='bbox 1539 2336 1640 2372; x_wconf 76' lang='grc' dir='ltr'>σελήνη</span> <span class='ocrx_word' id='word_1_823' title='bbox 1663 2335 1694 2361; x_wconf 77' lang='grc' dir='ltr'>δὲ</span> <span class='ocrx_word' id='word_1_824' title='bbox 1709 2342 1796 2370; x_wconf 85' lang='grc' dir='ltr'>προσ-</span> 
     </span>
    </p>
   </div>
   <div class='ocr_carea' id='block_1_106' title="bbox 1002 2379 1793 2423">
    <p class='ocr_par' dir='ltr' id='par_1_106' title="bbox 1002 2379 1793 2423">
     <span class='ocr_line' id='line_1_106' title="bbox 1002 2379 1793 2423; baseline -0.013 -8"><span class='ocrx_word' id='word_1_825' title='bbox 1002 2388 1130 2423; x_wconf 86' lang='grc' dir='ltr'>γειοτάτη</span> <span class='ocrx_word' id='word_1_826' title='bbox 1154 2387 1201 2414; x_wconf 79' lang='grc' dir='ltr'>καὶ</span> <span class='ocrx_word' id='word_1_827' title='bbox 1224 2386 1367 2422; x_wconf 73' lang='grc' dir='ltr'>ἐλάχιστον</span> <span class='ocrx_word' id='word_1_828' title='bbox 1389 2384 1490 2411; x_wconf 85' lang='grc' dir='ltr'>κύκλον</span> <span class='ocrx_word' id='word_1_829' title='bbox 1505 2381 1654 2418; x_wconf 79' lang='grc' dir='ltr'>περιιοῦσα</span> <span class='ocrx_word' id='word_1_830' title='bbox 1670 2381 1700 2407; x_wconf 67' lang='grc' dir='ltr'><strong>ιν</strong></span> <span class='ocrx_word' id='word_1_831' title='bbox 1715 2379 1793 2415; x_wconf 84' lang='grc' dir='ltr'>μηνί.</span> 
     </span>
    </p>
   </div>
   <div class='ocr_carea' id='block_1_107' title="bbox 1004 2427 1794 2469">
    <p class='ocr_par' dir='ltr' id='par_1_107' title="bbox 1004 2427 1794 2469">
     <span class='ocr_line' id='line_1_107' title="bbox 1004 2427 1794 2469; baseline -0.013 -8"><span class='ocrx_word' id='word_1_832' title='bbox 1004 2435 1068 2461; x_wconf 74' lang='grc' dir='ltr'>Ὀτι</span> <span class='ocrx_word' id='word_1_833' title='bbox 1090 2432 1200 2469; x_wconf 80' lang='grc' dir='ltr'>πρῶτος</span> <span class='ocrx_word' id='word_1_834' title='bbox 1217 2431 1381 2467; x_wconf 81' lang='grc' dir='ltr'>Πυθαγόρας</span> <span class='ocrx_word' id='word_1_835' title='bbox 1393 2430 1439 2457; x_wconf 80' lang='grc' dir='ltr'>τὸν</span> <span class='ocrx_word' id='word_1_836' title='bbox 1452 2428 1567 2465; x_wconf 79' lang='grc' dir='ltr'>οὐρανὸν</span> <span class='ocrx_word' id='word_1_837' title='bbox 1587 2427 1690 2463; x_wconf 83' lang='grc' dir='ltr'>κόσμον</span> <span class='ocrx_word' id='word_1_838' title='bbox 1704 2434 1794 2462; x_wconf 75' lang='grc' dir='ltr'>προσ-</span> 
     </span>
    </p>
   </div>
   <div class='ocr_carea' id='block_1_108' title="bbox 1001 2473 1794 2515">
    <p class='ocr_par' dir='ltr' id='par_1_108' title="bbox 1001 2473 1794 2515">
     <span class='ocr_line' id='line_1_108' title="bbox 1001 2473 1794 2515; baseline -0.011 -9"><span class='ocrx_word' id='word_1_839' title='bbox 1001 2480 1137 2515; x_wconf 86' lang='grc' dir='ltr'>ηγόρευσε</span> <span class='ocrx_word' id='word_1_840' title='bbox 1158 2478 1203 2505; x_wconf 87' lang='grc' dir='ltr'>διὰ</span> <span class='ocrx_word' id='word_1_841' title='bbox 1227 2478 1258 2504; x_wconf 77' lang='grc' dir='ltr'>τὺ</span> <span class='ocrx_word' id='word_1_842' title='bbox 1274 2477 1376 2504; x_wconf 78' lang='grc' dir='ltr'>τέλειον</span> <span class='ocrx_word' id='word_1_843' title='bbox 1402 2474 1473 2502; x_wconf 83' lang='grc' dir='ltr'>εἷναι</span> <span class='ocrx_word' id='word_1_844' title='bbox 1494 2477 1542 2502; x_wconf 77' lang='grc' dir='ltr'><strong>καὶ</strong></span> <span class='ocrx_word' id='word_1_845' title='bbox 1564 2475 1631 2500; x_wconf 80' lang='grc' dir='ltr'>πᾶσι</span> <span class='ocrx_word' id='word_1_846' title='bbox 1656 2473 1794 2507; x_wconf 86' lang='grc' dir='ltr'>κεκοσμῆ-</span> 
     </span>
    </p>
   </div>
   <div class='ocr_carea' id='block_1_109' title="bbox 1004 2518 1795 2556">
    <p class='ocr_par' dir='ltr' id='par_1_109' title="bbox 1004 2518 1795 2556">
     <span class='ocr_line' id='line_1_109' title="bbox 1004 2518 1795 2556; baseline -0.01 -4"><span class='ocrx_word' id='word_1_847' title='bbox 1004 2525 1084 2552; x_wconf 85' lang='grc' dir='ltr'>σθαι¹</span> <span class='ocrx_word' id='word_1_848' title='bbox 1107 2526 1163 2556; x_wconf 80' lang='grc' dir='ltr'>τοῖς</span> <span class='ocrx_word' id='word_1_849' title='bbox 1190 2533 1220 2551; x_wconf 88' lang='grc' dir='ltr'><strong>τε</strong></span> <span class='ocrx_word' id='word_1_850' title='bbox 1245 2523 1326 2556; x_wconf 77' lang='grc' dir='ltr'>ζώοις</span> <span class='ocrx_word' id='word_1_851' title='bbox 1349 2523 1396 2550; x_wconf 83' lang='grc' dir='ltr'>καὶ</span> <span class='ocrx_word' id='word_1_852' title='bbox 1418 2521 1494 2553; x_wconf 69' lang='grc' dir='ltr'>τοῖςδ</span> <span class='ocrx_word' id='word_1_853' title='bbox 1519 2521 1623 2552; x_wconf 84' lang='grc' dir='ltr'>καλοῖς.</span> <span class='ocrx_word' id='word_1_854' title='bbox 1639 2520 1702 2546; x_wconf 83' lang='grc' dir='ltr'>Ὀτι</span> <span class='ocrx_word' id='word_1_855' title='bbox 1726 2518 1795 2545; x_wconf 80' lang='grc' dir='ltr'>καὶ·</span> 
     </span>
    </p>
   </div>
   <div class='ocr_carea' id='block_1_110' title="bbox 1004 2565 1795 2606">
    <p class='ocr_par' dir='ltr' id='par_1_110' title="bbox 1004 2565 1795 2606">
     <span class='ocr_line' id='line_1_110' title="bbox 1004 2565 1795 2606; baseline -0.008 -9"><span class='ocrx_word' id='word_1_856' title='bbox 1004 2571 1128 2604; x_wconf 82' lang='grc' dir='ltr'>Πλάτων,</span> <span class='ocrx_word' id='word_1_857' title='bbox 1153 2570 1233 2606; x_wconf 86' lang='grc' dir='ltr'>φησὶ,</span> <span class='ocrx_word' id='word_1_858' title='bbox 1256 2569 1304 2598; x_wconf 76' lang='grc' dir='ltr'>καὶ</span> <span class='ocrx_word' id='word_1_859' title='bbox 1322 2568 1512 2604; x_wconf 81' lang='grc' dir='ltr'>Ἀριστοτέλης</span> <span class='ocrx_word' id='word_1_860' title='bbox 1535 2567 1672 2595; x_wconf 76' lang='grc' dir='ltr'>ἀθάνατον</span> <span class='ocrx_word' id='word_1_861' title='bbox 1692 2565 1795 2601; x_wconf 78' lang='grc' dir='ltr'>ὁμοίως</span> 
     </span>
    </p>
   </div>
   <div class='ocr_carea' id='block_1_111' title="bbox 803 2637 1143 2667">
    <p class='ocr_par' dir='ltr' id='par_1_111' title="bbox 803 2637 1143 2667">
     <span class='ocr_line' id='line_1_111' title="bbox 803 2637 1143 2667; baseline 0.006 -3"><span class='ocrx_word' id='word_1_862' title='bbox 803 2637 919 2665; x_wconf 75' lang='lat' dir='ltr'><strong>VARle</strong></span> <span class='ocrx_word' id='word_1_863' title='bbox 940 2638 1143 2667; x_wconf 86' lang='lat' dir='ltr'><strong>LECTIONES.</strong></span> 
     </span>
    </p>
   </div>
   <div class='ocr_carea' id='block_1_112' title="bbox 193 2678 983 2722">
    <p class='ocr_par' dir='ltr' id='par_1_112' title="bbox 193 2678 983 2722">
     <span class='ocr_line' id='line_1_112' title="bbox 193 2678 983 2722; baseline -0.005 -7"><span class='ocrx_word' id='word_1_864' title='bbox 193 2689 217 2705; x_wconf 82' lang='grc'><strong>⁸⁸</strong></span> <span class='ocrx_word' id='word_1_865' title='bbox 230 2687 365 2722; x_wconf 81' lang='grc' dir='ltr'>πλανῆται</span> <span class='ocrx_word' id='word_1_866' title='bbox 381 2695 412 2720; x_wconf 88' lang='grc' dir='ltr'>ς.</span> <span class='ocrx_word' id='word_1_867' title='bbox 451 2685 473 2722; x_wconf 59' lang='grc' dir='ltr'><strong>’ἶ</strong></span> <span class='ocrx_word' id='word_1_868' title='bbox 487 2685 567 2722; x_wconf 66' lang='grc' dir='ltr'>τορτυ</span> <span class='ocrx_word' id='word_1_869' title='bbox 581 2685 612 2711; x_wconf 85' lang='grc' dir='ltr'><strong>Β.</strong></span> <span class='ocrx_word' id='word_1_870' title='bbox 688 2684 715 2710; x_wconf 79' lang='grc' dir='ltr'>δὲ</span> <span class='ocrx_word' id='word_1_871' title='bbox 729 2688 786 2722; x_wconf 78' lang='lat' dir='ltr'><strong>post</strong></span> <span class='ocrx_word' id='word_1_872' title='bbox 802 2684 950 2722; x_wconf 36' lang='lat' dir='ltr'><strong>“inponit</strong></span> <span class='ocrx_word' id='word_1_873' title='bbox 964 2686 983 2722; x_wconf 74' lang='grc' dir='ltr'>ᾼ</span> 
     </span>
    </p>
   </div>
   <div class='ocr_carea' id='block_1_113' title="bbox 989 2679 1783 2720">
    <p class='ocr_par' dir='ltr' id='par_1_113' title="bbox 989 2679 1783 2720">
     <span class='ocr_line' id='line_1_113' title="bbox 989 2679 1783 2720; baseline -0.008 -8"><span class='ocrx_word' id='word_1_874' title='bbox 989 2703 996 2712; x_wconf 91' lang='grc'>.</span> <span class='ocrx_word' id='word_1_875' title='bbox 1033 2685 1056 2702; x_wconf 82' lang='grc'><strong>⁸⁹</strong></span> <span class='ocrx_word' id='word_1_876' title='bbox 1071 2685 1219 2720; x_wconf 86' lang='grc' dir='ltr'>τέσσαρσιν</span> <span class='ocrx_word' id='word_1_877' title='bbox 1241 2685 1274 2712; x_wconf 82' lang='grc' dir='ltr'><strong>Α.</strong></span> <span class='ocrx_word' id='word_1_878' title='bbox 1287 2691 1353 2720; x_wconf 72' lang='grc' dir='ltr'>οιιηι</span> <span class='ocrx_word' id='word_1_879' title='bbox 1363 2682 1448 2720; x_wconf 73' lang='lat' dir='ltr'><strong>Sttida</strong></span> <span class='ocrx_word' id='word_1_880' title='bbox 1462 2690 1487 2709; x_wconf 90' lang='lat' dir='ltr'><strong>v.</strong></span> <span class='ocrx_word' id='word_1_881' title='bbox 1500 2680 1715 2720; x_wconf 53' lang='lat' dir='ltr'><strong>Etpappévqsa</strong></span> <span class='ocrx_word' id='word_1_882' title='bbox 1733 2688 1741 2706; x_wconf 88' lang='lat'><strong>:</strong></span> <span class='ocrx_word' id='word_1_883' title='bbox 1754 2679 1783 2706; x_wconf 78' lang='grc' dir='ltr'><strong>τέ</strong></span> 
     </span>
    </p>
   </div>
   <div class='ocr_carea' id='block_1_114' title="bbox 160 2715 1796 2759">
    <p class='ocr_par' dir='ltr' id='par_1_114' title="bbox 160 2715 1796 2759">
     <span class='ocr_line' id='line_1_114' title="bbox 160 2715 1796 2759; baseline -0.006 -9"><span class='ocrx_word' id='word_1_884' title='bbox 160 2732 256 2759; x_wconf 81' lang='grc' dir='ltr'>ταρσιν</span> <span class='ocrx_word' id='word_1_885' title='bbox 270 2731 301 2759; x_wconf 69' lang='grc' dir='ltr'>ς.</span> <span class='ocrx_word' id='word_1_886' title='bbox 312 2715 415 2759; x_wconf 52' lang='lat' dir='ltr'><strong>Suidds</strong></span> <span class='ocrx_word' id='word_1_887' title='bbox 430 2720 501 2759; x_wconf 52' lang='grc' dir='ltr'>ν,ῆὸ</span> <span class='ocrx_word' id='word_1_888' title='bbox 519 2720 616 2759; x_wconf 68' lang='lat' dir='ltr'><strong>legisse</strong></span> <span class='ocrx_word' id='word_1_889' title='bbox 632 2715 739 2759; x_wconf 72' lang='lat' dir='ltr'><strong>videtur</strong></span> <span class='ocrx_word' id='word_1_890' title='bbox 750 2715 914 2759; x_wconf 56' lang='grc' dir='ltr'>διακεῖσθαι.</span> <span class='ocrx_word' id='word_1_891' title='bbox 952 2721 975 2737; x_wconf 74' lang='grc'><strong>⁸⁸</strong></span> <span class='ocrx_word' id='word_1_892' title='bbox 991 2720 1031 2759; x_wconf 74' lang='grc' dir='ltr'><strong>εἰς</strong></span> <span class='ocrx_word' id='word_1_893' title='bbox 1046 2720 1132 2759; x_wconf 61' lang='grc' dir='ltr'>τὴνΛ</span> <span class='ocrx_word' id='word_1_894' title='bbox 1145 2715 1172 2747; x_wconf 70' lang='grc' dir='ltr'>οὶ</span> <span class='ocrx_word' id='word_1_895' title='bbox 1183 2720 1285 2759; x_wconf 71' lang='lat' dir='ltr'><strong>_S_t_tid_as</strong></span> <span class='ocrx_word' id='word_1_896' title='bbox 1303 2728 1309 2746; x_wconf 90' lang='lat'>:</span> <span class='ocrx_word' id='word_1_897' title='bbox 1326 2718 1408 2759; x_wconf 61' lang='lat' dir='ltr'><strong>dimov</strong></span> <span class='ocrx_word' id='word_1_898' title='bbox 1430 2726 1467 2759; x_wconf 44' lang='grc' dir='ltr'><strong>ς..</strong></span> <span class='ocrx_word' id='word_1_899' title='bbox 1499 2719 1521 2733; x_wconf 86' lang='lat'>“</span> <span class='ocrx_word' id='word_1_900' title='bbox 1535 2715 1709 2759; x_wconf 56' lang='grc' dir='ltr'>ἐπιγίνεσθαι</span> <span class='ocrx_word' id='word_1_901' title='bbox 1724 2715 1796 2759; x_wconf 52' lang='grc' dir='ltr'>κατὰ</span> 
     </span>
    </p>
   </div>
   <div class='ocr_carea' id='block_1_115' title="bbox 159 2754 724 2793">
    <p class='ocr_par' dir='ltr' id='par_1_115' title="bbox 159 2754 724 2793">
     <span class='ocr_line' id='line_1_115' title="bbox 159 2754 724 2793; baseline -0.009 -9"><span class='ocrx_word' id='word_1_902' title='bbox 159 2754 245 2793; x_wconf 57' lang='grc' dir='ltr'>τύᾷίην</span> <span class='ocrx_word' id='word_1_903' title='bbox 268 2756 413 2793; x_wconf 21' lang='lat' dir='ltr'><strong>rSuidas.”</strong></span> <span class='ocrx_word' id='word_1_904' title='bbox 428 2757 459 2793; x_wconf 52' lang='grc' dir='ltr'><strong>ξ’</strong></span> <span class='ocrx_word' id='word_1_905' title='bbox 470 2754 679 2793; x_wconf 46' lang='lat' dir='ltr'><strong>tamquam;</strong></span> <span class='ocrx_word' id='word_1_906' title='bbox 695 2763 724 2785; x_wconf 82' lang='grc' dir='ltr'>ς.</span> 
     </span>
    </p>
   </div>
   <div class='ocr_carea' id='block_1_116' title="bbox 773 2754 991 2786">
    <p class='ocr_par' dir='ltr' id='par_1_116' title="bbox 773 2754 991 2786">
     <span class='ocr_line' id='line_1_116' title="bbox 773 2754 991 2786; baseline 0.005 -7"><span class='ocrx_word' id='word_1_907' title='bbox 773 2754 797 2769; x_wconf 81' lang='grc'><strong>⁵³</strong></span> <span class='ocrx_word' id='word_1_908' title='bbox 814 2755 921 2786; x_wconf 82' lang='grc' dir='ltr'>οἰκείως</span> <span class='ocrx_word' id='word_1_909' title='bbox 937 2763 991 2782; x_wconf 93' lang='lat' dir='ltr'><strong>om.</strong></span> 
     </span>
    </p>
   </div>
   <div class='ocr_carea' id='block_1_117' title="bbox 1007 2749 1794 2790">
    <p class='ocr_par' dir='ltr' id='par_1_117' title="bbox 1007 2749 1794 2790">
     <span class='ocr_line' id='line_1_117' title="bbox 1007 2749 1794 2790; baseline -0.009 -8"><span class='ocrx_word' id='word_1_910' title='bbox 1007 2755 1037 2782; x_wconf 78' lang='lat' dir='ltr'><strong>li.</strong></span> <span class='ocrx_word' id='word_1_911' title='bbox 1074 2749 1107 2770; x_wconf 55' lang='lat'><strong>&#39;9&quot;</strong></span> <span class='ocrx_word' id='word_1_912' title='bbox 1125 2757 1164 2786; x_wconf 83' lang='grc' dir='ltr'><strong>εἰς</strong></span> <span class='ocrx_word' id='word_1_913' title='bbox 1179 2755 1282 2790; x_wconf 78' lang='grc' dir='ltr'>ἄλληλα</span> <span class='ocrx_word' id='word_1_914' title='bbox 1297 2761 1351 2790; x_wconf 52' lang='lat' dir='ltr'><strong>oin.</strong></span> <span class='ocrx_word' id='word_1_915' title='bbox 1375 2755 1405 2790; x_wconf 17' lang='lat' dir='ltr'><strong>Ar.</strong></span> <span class='ocrx_word' id='word_1_916' title='bbox 1422 2749 1523 2790; x_wconf 82' lang='lat' dir='ltr'><strong>_utiqne</strong></span> <span class='ocrx_word' id='word_1_917' title='bbox 1535 2749 1595 2790; x_wconf 46' lang='lat' dir='ltr'><strong>leg.</strong></span> <span class='ocrx_word' id='word_1_918' title='bbox 1607 2749 1794 2790; x_wconf 51' lang='grc' dir='ltr'>εἰεάλλήλας.</span> 
     </span>
    </p>
   </div>
   <div class='ocr_carea' id='block_1_118' title="bbox 160 2784 1796 2825">
    <p class='ocr_par' dir='ltr' id='par_1_118' title="bbox 160 2784 1796 2825">
     <span class='ocr_line' id='line_1_118' title="bbox 160 2784 1796 2825; baseline -0.007 -5"><span class='ocrx_word' id='word_1_919' title='bbox 160 2795 183 2809; x_wconf 65' lang='grc'><strong>⁸⁵</strong></span> <span class='ocrx_word' id='word_1_920' title='bbox 243 2792 306 2819; x_wconf 82' lang='lat' dir='ltr'><strong>add.</strong></span> <span class='ocrx_word' id='word_1_921' title='bbox 321 2792 354 2818; x_wconf 74' lang='grc' dir='ltr'><strong>Α.</strong></span> <span class='ocrx_word' id='word_1_922' title='bbox 391 2791 414 2807; x_wconf 84' lang='grc'><strong>⁹⁶</strong></span> <span class='ocrx_word' id='word_1_923' title='bbox 426 2790 479 2825; x_wconf 79' lang='grc' dir='ltr'>ὅτι]</span> <span class='ocrx_word' id='word_1_924' title='bbox 501 2790 538 2820; x_wconf 81' lang='grc' dir='ltr'>ὡς</span> <span class='ocrx_word' id='word_1_925' title='bbox 562 2790 581 2815; x_wconf 85' lang='grc' dir='ltr'>Β</span> <span class='ocrx_word' id='word_1_926' title='bbox 594 2795 620 2816; x_wconf 88' lang='lat' dir='ltr'><strong>et</strong></span> <span class='ocrx_word' id='word_1_927' title='bbox 635 2784 707 2815; x_wconf 59' lang='lat' dir='ltr'><strong>corr.</strong></span> <span class='ocrx_word' id='word_1_928' title='bbox 724 2789 755 2815; x_wconf 83' lang='lat' dir='ltr'><strong>A.</strong></span> <span class='ocrx_word' id='word_1_929' title='bbox 793 2789 817 2825; x_wconf 60' lang='lat'><strong>:7</strong></span> <span class='ocrx_word' id='word_1_930' title='bbox 834 2784 1010 2825; x_wconf 59' lang='grc' dir='ltr'>πλανιῖιμένου</span> <span class='ocrx_word' id='word_1_931' title='bbox 1025 2791 1054 2816; x_wconf 82' lang='grc' dir='ltr'>ὲν</span> <span class='ocrx_word' id='word_1_932' title='bbox 1070 2784 1173 2816; x_wconf 65' lang='grc' dir='ltr'>πλείονι</span> <span class='ocrx_word' id='word_1_933' title='bbox 1190 2790 1219 2816; x_wconf 85' lang='grc' dir='ltr'><strong>Β.</strong></span> <span class='ocrx_word' id='word_1_934' title='bbox 1240 2784 1245 2790; x_wconf 78' lang='grc'><em>’</em></span> <span class='ocrx_word' id='word_1_935' title='bbox 1262 2790 1285 2806; x_wconf 78' lang='grc'><strong>³⁸</strong></span> <span class='ocrx_word' id='word_1_936' title='bbox 1298 2785 1374 2819; x_wconf 70' lang='grc' dir='ltr'>οὗτος</span> <span class='ocrx_word' id='word_1_937' title='bbox 1390 2787 1435 2825; x_wconf 45' lang='grc' dir='ltr'><strong>ὲν]-</strong></span> <span class='ocrx_word' id='word_1_938' title='bbox 1452 2784 1548 2825; x_wconf 67' lang='grc' dir='ltr'>ενγὰρ</span> <span class='ocrx_word' id='word_1_939' title='bbox 1562 2784 1596 2825; x_wconf 42' lang='grc' dir='ltr'><strong>λ..</strong></span> <span class='ocrx_word' id='word_1_940' title='bbox 1636 2786 1659 2825; x_wconf 65' lang='grc' dir='ltr'>’ξ</span> <span class='ocrx_word' id='word_1_941' title='bbox 1674 2785 1722 2825; x_wconf 56' lang='grc' dir='ltr'><strong>καλ</strong></span> <span class='ocrx_word' id='word_1_942' title='bbox 1744 2784 1796 2818; x_wconf 78' lang='grc' dir='ltr'><strong>γὰρ</strong></span> 
     </span>
    </p>
   </div>
   <div class='ocr_carea' id='block_1_119' title="bbox 161 2828 314 2854">
    <p class='ocr_par' dir='ltr' id='par_1_119' title="bbox 161 2828 314 2854">
     <span class='ocr_line' id='line_1_119' title="bbox 161 2828 314 2854; baseline 0.007 -1"><span class='ocrx_word' id='word_1_943' title='bbox 161 2829 222 2854; x_wconf 84' lang='lat' dir='ltr'><strong>:tdtl.</strong></span> <span class='ocrx_word' id='word_1_944' title='bbox 234 2829 267 2854; x_wconf 79' lang='grc' dir='ltr'><strong>Δ.</strong></span> <span class='ocrx_word' id='word_1_945' title='bbox 307 2828 314 2842; x_wconf 81' lang='grc'>¹</span> 
     </span>
    </p>
   </div>
   <div class='ocr_carea' id='block_1_120' title="bbox 160 2863 326 2889">
    <p class='ocr_par' dir='ltr' id='par_1_120' title="bbox 160 2863 326 2889">
     <span class='ocr_line' id='line_1_120' title="bbox 160 2863 326 2889; baseline -0.006 0"><span class='ocrx_word' id='word_1_946' title='bbox 160 2864 203 2889; x_wconf 67' lang='grc' dir='ltr'><strong>δτι</strong></span> <span class='ocrx_word' id='word_1_947' title='bbox 218 2863 281 2889; x_wconf 86' lang='lat' dir='ltr'><strong>add.</strong></span> <span class='ocrx_word' id='word_1_948' title='bbox 294 2863 326 2889; x_wconf 88' lang='grc' dir='ltr'><strong>Λ.</strong></span> 
     </span>
    </p>
   </div>
   <div class='ocr_carea' id='block_1_121' title="bbox 340 2820 1796 2860">
    <p class='ocr_par' dir='ltr' id='par_1_121' title="bbox 340 2820 1796 2860">
     <span class='ocr_line' id='line_1_121' title="bbox 340 2820 1796 2860; baseline -0.01 -2"><span class='ocrx_word' id='word_1_949' title='bbox 340 2820 496 2860; x_wconf 72' lang='grc' dir='ltr'><strong>ἈφρυδιτῆῙ</strong></span> <span class='ocrx_word' id='word_1_950' title='bbox 510 2825 550 2850; x_wconf 78' lang='grc' dir='ltr'><strong>ὅτι</strong></span> <span class='ocrx_word' id='word_1_951' title='bbox 563 2825 593 2851; x_wconf 77' lang='grc' dir='ltr'>Α·</span> <span class='ocrx_word' id='word_1_952' title='bbox 629 2825 638 2839; x_wconf 83' lang='grc'>⁸</span> <span class='ocrx_word' id='word_1_953' title='bbox 651 2824 776 2858; x_wconf 68' lang='grc' dir='ltr'><strong>ἱσοταχὴς</strong></span> <span class='ocrx_word' id='word_1_954' title='bbox 793 2824 822 2850; x_wconf 75' lang='grc' dir='ltr'><strong>Β.</strong></span> <span class='ocrx_word' id='word_1_955' title='bbox 855 2824 864 2839; x_wconf 84' lang='grc'><strong><em>³</em></strong></span> <span class='ocrx_word' id='word_1_956' title='bbox 879 2820 1136 2860; x_wconf 65' lang='grc' dir='ltr'>γατακεκοσμῆσθαι</span> <span class='ocrx_word' id='word_1_957' title='bbox 1154 2826 1184 2852; x_wconf 77' lang='grc' dir='ltr'><strong>Β.</strong></span> <span class='ocrx_word' id='word_1_958' title='bbox 1224 2825 1233 2840; x_wconf 81' lang='grc'><strong>’⁸</strong></span> <span class='ocrx_word' id='word_1_959' title='bbox 1247 2826 1302 2856; x_wconf 84' lang='grc' dir='ltr'>τοῖς</span> <span class='ocrx_word' id='word_1_960' title='bbox 1314 2829 1377 2850; x_wconf 77' lang='lat' dir='ltr'><strong>ante</strong></span> <span class='ocrx_word' id='word_1_961' title='bbox 1391 2820 1484 2854; x_wconf 74' lang='grc' dir='ltr'>καλοῖς</span> <span class='ocrx_word' id='word_1_962' title='bbox 1500 2820 1555 2850; x_wconf 71' lang='lat' dir='ltr'><strong>om.</strong></span> <span class='ocrx_word' id='word_1_963' title='bbox 1577 2822 1610 2849; x_wconf 84' lang='lat' dir='ltr'><strong>A.</strong></span> <span class='ocrx_word' id='word_1_964' title='bbox 1649 2820 1659 2836; x_wconf 82' lang='lat'><strong>&#39;</strong></span> <span class='ocrx_word' id='word_1_965' title='bbox 1675 2820 1722 2846; x_wconf 74' lang='grc' dir='ltr'><strong>καὶ</strong></span> <span class='ocrx_word' id='word_1_966' title='bbox 1737 2823 1796 2853; x_wconf 82' lang='lat' dir='ltr'><strong>post</strong></span> 
     </span>
    </p>
   </div>
  </div>
