1923 3093
144 125 212 159 1585

660 123 922 155 BIBLIOTHECA.
937 134 970 139 -
984 121 1066 152 COD.
1081 122 1228 153 CCXLIX.

1692 125 1761 158 1586

140 184 249 218 λέγουσι
263 184 314 220 τὴν
328 183 426 219 ψυχὴν,
444 183 496 211 κᾶν
509 191 582 215 τινες
606 183 646 214 είς
659 182 704 209 τὸν
722 181 924 217 Ἀριστοτέλους

976 181 1052 207 tinet.
1073 179 1141 208 Nam
1167 181 1272 209 suntin
1291 183 1391 210 mundo
1411 183 1460 217 dii,
1480 187 1596 219 quatuor
1613 184 1759 218 elementa,

139 233 202 258 νοῦν
217 231 266 258 οὐκ
283 227 499 266 ἐμσάθύνοντεςθ
523 229 623 265 θνητὴν
644 227 747 263 abripi"
767 226 924 262 νομίζουσιν

140 276 220 303 αὑτὸν
234 276 335 310 λέγειν.
353 275 414 302 ὀτι
428 276 442 301 ὁ
455 274 598 310 ἄνθρωπος
614 274 711 309 μικρὸς
727 273 828 308 κόσμος
845 272 924 306 λέγε-

123 331 185 349 ’ται
203 322 253 357 οὐχ
272 321 330 348 ὅτι⁸
347 321 379 348 ἐκ
394 321 449 347 τῶν
468 321 606 355 τεσσάρων
623 319 763 354 στοιχείων
784 317 925 351 σύγκειται

141 367 230 403 (τοῦτο
241 366 296 402 γὰρ
307 365 354 393 καὶ
370 366 486 393 ἕκαστον
499 365 554 392 τῶν
570 364 647 396 ζώων
668 365 715 390 καὶ
732 363 804 390 τῶν⁹
819 363 926 389 εὐτελε.

141 413 268 447 στατων),
283 412 341 439 ἀλλ’
352 412 393 439 ὅτι
407 411 472 448 [715
491 410 535 447 Η.]
554 411 644 442 πάσας
660 410 717 445 ἔχει
730 410 780 442 τὰς
804 409 852 436 τοῦ
877 408 925 436 κό-

141 467 210 494 σμου
225 457 363 492 δυνάμεις,
385 458 429 483 Ἑν
451 457 505 492 γὰρ
527 456 565 490 τῷ
588 455 684 490 κόσμῳ
698 455 751 482 eisi
777 454 850 486 θεοὶ,
867 454 926 481 ἔστι

140 503 233 532 καὶτὰ
249 503 370 539 τέσσαρα
392 505 522 538 στοιχεῖα,
538 502 595 532 ἔστι
609 502 657 528 καὶ
669 501 704 528 τὰ
714 501 738 517 ⁸ο
758 501 843 535 ἄλογα
857 499 924 533 ζῶα,

140 549 199 576 εστι
215 550 263 576 καὶ
277 549 349 583 φυτά.
359 557 367 565 υ
387 548 477 578 πάσας
490 548 517 574 δὲ
531 547 634 579 ταύτας
648 547 697 578 τὰς
718 546 847 581 δυνάμεις
868 546 926 580 ἔχει

141 594 156 620 ὁ
168 593 324 629 ἄνθρωπος.
339 593 416 628 Ἔχει
430 593 483 628 γὰρ
503 593 579 620 θείαν
595 593 643 628 μὲν
655 593 769 627 δύναμιν
785 591 833 627 τὴν
852 591 926 625 λογι-

141 639 203 674 κὴν,
220 638 277 674 ἔχει
290 638 341 672 τὴν
353 638 408 665 τῶν
427 637 566 672 στοιχείων
578 637 672 672 φύσιν,
683 637 732 671 τὴν
744 635 893 672 θρεπτικὴν
903 635 924 651 ¹¹

141 686 188 712 καὶ
200 684 351 720 αὐξητικὴν
362 685 408 711 καὶ
422 684 469 710 τοῦ
481 684 573 719 ὁμοίου
585 684 758 719 γεννητικήν.
768 683 811 710 Ἐν
823 682 926 718 ἑκάστῃ

140 728 169 755 δὲ
181 727 285 755 τούτων
300 728 433 761 λείπεται,
450 730 496 755 καὶ
519 728 613 763 ὥσπερ
638 729 652 755 ὁ
673 728 821 760 πένταθλος
836 728 926 759 πάσας

141 774 210 810 ἔχων
223 775 273 806 τὰς
296 774 424 810 δυνάμεις
440 775 494 801 τῶν
509 774 673 810 ἀθλημάτων
683 775 704 790 ¹¹
718 775 747 801 ἐν
760 774 862 810 ἑκάστῃ
877 774 926 809 ἧτ-

139 828 195 847 των
208 820 267 847 ἐστὶ
278 819 326 847 τοῦ
348 820 378 846 ἐν
393 828 420 846 τι
443 820 665 855 ὲπιτηδεύοντος,
680 819 751 846 οὕτω
772 819 819 846 καὶ
843 820 858 845 ό
879 818 924 845 ἄν·

141 865 250 901 θρωπος
272 865 362 897 πάσας
378 865 448 901 ἔχων
465 848 700 900 τὰς’δυνάμειςὲν
715 865 816 900 ἑκάστῃ
833 863 924 890 λειπε-
940 848 961 875 Β

140 920 195 938 ται.
212 906 314 938 *Ηττον
325 912 347 927 ¹⁸
360 911 409 946 μὲν
428 911 483 947 γὰρ
497 911 594 946 ἔχομεν
615 911 664 946 τὴν
685 910 798 946 λογικὴν
811 910 926 945 δύναμιν

141 958 213 992 ήπερ
227 958 251 984 οἱ
266 957 332 990 θεοὶ,
357 958 451 984 καὶτὰ
464 957 519 984 τῶν
533 957 672 992 στοιχείων
695 956 796 991 ὁμοίως
811 953 891 992 ἦττον
908 956 925 991 ἦ

141 1004 242 1035 ἐκεῖνα,
256 1003 304 1030 καὶ
318 1003 363 1030 τὸν
375 1003 459 1038 θυμὸν
473 1002 521 1029 καὶ
535 1002 683 1037 ἐπιθυμίαν
699 1002 857 1037 ἐνδεέστερα
872 1002 926 1029 τῶν

140 1048 237 1078 ἐντοῖς
253 1047 371 1081 ἀλόγοις,
397 1048 443 1074 καὶ
464 1047 514 1082 τὴν
537 1043 687 1082 θρεπτικὴν
710 1047 758 1073 καὶ
774 1046 925 1082 αὐξητικὴν

140 1093 255 1128 δύναμιν
265 1092 465 1128 ἑλαττουμένας
481 1092 536 1120 τῶν
557 1093 586 1119 ἐν
598 1094 654 1123 τοῖς
670 1093 773 1126 φυτοῖς.
797 1091 878 1118 Ὅθεν
894 1093 926 1118 ἐκ

141 1139 270 1165 ποικίλων
285 1138 426 1173 δυνάμεων
440 1137 607 1169 συνεστῶτες
623 1137 791 1173 δύσχρηστον
805 1137 851 1163 τὸν
868 1137 925 1172 βίον

140 1185 249 1220 ἔχομεν.
265 1183 401 1210 ’Ἐκαστον
415 1183 470 1220 γὰρ
485 1183 540 1210 τῶν
555 1183 643 1210 ἄλλων
666 1184 719 1209 ὑπὸ
736 1184 802 1218 μιᾶς
819 1182 926 1217 φύσεως

140 1230 302 1262 οίακίζεται.
327 1231 409 1264 ἡμεῖς
431 1229 459 1256 δὲ
483 1229 535 1256 ὑπὸ
556 1229 610 1256 τῶν
631 1229 767 1264 διαφόρων
785 1229 926 1264 δυνάμεων

142 1275 276 1312 [Ιόἳῆιὶ]
288 1274 490 1309 ἀντισπώμεθα,
505 1272 561 1301 οἷον
572 1274 637 1300 ποτὲ
654 1274 702 1309 μὲν
717 1274 770 1300 ὑπὸ
784 1274 831 1300 τοῦ
845 1274 925 1300 Θείου

140 1321 298 1356 ἁναγόμεθα
314 1321 360 1347 ἐπὶ
374 1321 408 1347 τὰ
418 1321 440 1336 “
450 1320 578 1357 κρείττω,
593 1320 657 1346 ποτέ
672 1320 699 1346 δὲ
714 1319 761 1346 τοῦ
775 1319 926 1355 θηριώδους

141 1366 373 1402 ἐπικρατήσαντος
398 1366 444 1392 ἐπὶ
461 1366 495 1392 τὰ
511 1365 610 1400 χείρω·
637 1365 738 1399 ὁμοίιος
763 1365 793 1392 δὲ
809 1366 857 1392 καὶ
879 1366 926 1392 ἐπὶ

140 1410 194 1437 τῶν
209 1409 294 1437 ἄλλων
307 1409 459 1445 δυνάμεων.
479 1409 543 1436 Ἐὰν
556 1408 603 1436 οῦν
618 1418 659 1441 τις
679 1410 834 1446 θεραπεύσῃ
850 1410 881 1437 τὸ
898 1411 927 1438 ἐν

141 1458 207 1492 ἡμῖν
222 1456 310 1489 Θιῖον,
326 1456 420 1492 ὥσπερ
440 1452 547 1491 ἡνίοχον
562 1456 733 1491 ἐγρηγορότα
749 1456 796 1482 καὶ
812 1457 926 1491 ἐπιστή-

974 225 1064 259 brttta,
1076 227 1185 260 plantae.
1207 226 1262 254 Has
1276 235 1369 255 omnes
1384 230 1518 263 polentia:
1538 230 1656 264 possidet
1670 231 1762 264 homo,

974 272 1054 300 habet
1067 273 1196 300 rationem
1213 281 1260 308 pro
1278 274 1367 301 divina
1380 276 1490 310 virtute,
1505 276 1586 303 habet
1602 284 1651 312 pro
1667 284 1763 305 natura

973 318 1167 346 elementorum
1181 320 1302 347 movendi
1314 321 1378 355 vim,
1388 320 1469 357 M0
1479 322 1493 348 b
1507 323 1656 354 crescendi,
1668 323 1764 358 suique

975 364 1090 391 similem
1108 364 1306 399 productrieem
1325 375 1333 393 :
1348 367 1461 400 singulis
1477 368 1518 395 his
1533 367 1644 395 inferior
1657 374 1709 396 est.
1723 369 1764 396 Ac

975 410 1201 444 quemadmodum
1222 412 1377 444 petitarhlns
1391 420 1485 440 omnes
1513 413 1615 440 habens
1635 414 1761 446 virtutes,

976 456 1003 482 in
1019 455 1132 487 singulis
1149 460 1238 483 tamen
1258 457 1345 483 minor
1359 462 1401 484 est
1421 465 1463 490 eo,
1481 458 1527 492 qui
1547 466 1630 485 unum
1649 458 1757 492 aliquod

976 505 1113 527 certamen
1129 500 1210 527 callet
1225 509 1231 527 :
1245 500 1281 527 ita
1297 504 1324 527 et
1340 500 1419 529 homo
1440 508 1534 530 Otones
1550 502 1652 530 habens
1675 503 1763 529 virtu-

977 549 1027 579 tes,
1047 545 1072 572 in
1085 545 1197 580 singulis
1219 546 1353 581 sigillatim
1369 552 1521 581 superatur.
1543 547 1672 575 Minorem
1688 549 1760 575 enim

977 591 1088 618 rationis
1105 598 1181 618 usum
1199 592 1328 619 habemus
1341 600 1419 628 quam
1438 593 1487 627 ipsi
1511 593 1558 625 dii,
1575 598 1602 621 et
1625 594 1713 621 ntint‘ts
1728 594 1763 622 de

975 635 1116 663 elementis
1127 644 1207 670 qttattt
1222 637 1277 670 ipsa
1293 637 1435 664 elementa.
1452 637 1591 672 Cupiditas
1606 643 1633 665 et
1650 639 1761 666 iracun-

976 682 1018 709 dia
1044 685 1134 708 nostra
1161 682 1248 709 minor
1274 690 1353 716 quam
1380 683 1571 709 brutorumza
1596 683 1696 718 plantis
1708 692 1759 710 nu-

978 728 1075 755 triendi
1094 732 1121 754 et
1135 728 1307 757 accrescendi
1323 729 1454 762 qualitate
1467 729 1612 756 vincimur.
1627 728 1716 762 Quare
1732 733 1762 755 ut

976 781 991 801 e
1003 774 1085 801 variis
1102 774 1242 808 compositi
1261 774 1352 805 rebus.
1367 775 1448 801 vitam
1470 782 1530 809 qua;
1545 782 1615 808 aegre
1632 775 1763 802 traduca—

978 824 1022 847 tur
1042 820 1183 847 habemus.
1213 820 1273 847 Alia
1303 820 1375 846 enim
1403 821 1494 847 omnia
1522 821 1556 847 ab
1580 828 1631 846 tina
1658 825 1763 847 tantum

977 870 1072 892 natura
1089 871 1229 900 reguntur,
1245 873 1294 892 nos
1312 873 1374 893 vero
1390 866 1513 893 homines
1530 866 1612 892 variis
1625 865 1763 900 qualitati-

976 910 1048 938 tibus
1060 911 1245 943 distrahimur,
1266 915 1305 943 ut,
1320 918 1391 938 ttuttc
1408 918 1422 937 a
1442 911 1491 937 deo
1506 911 1638 937 trahimur
1654 911 1686 937 ad
1706 918 1762 937 me-

976 955 1054 989 liora,
1073 964 1143 983 nunc
1167 957 1291 983 vincente
1307 957 1330 983 vi
1359 956 1469 983 animali
1486 956 1519 983 ad
1545 956 1700 989 deteriora;
1723 956 1762 982 sic

976 1007 1003 1030 et
1019 1003 1044 1029 in
1057 1003 1161 1030 caeteris
1178 1003 1316 1038 potenliis.
1336 1003 1364 1030 Si
1385 1004 1445 1037 quis
1465 1003 1546 1037 igitur
1562 1003 1677 1030 coluerit
1691 1002 1762 1037 quod

976 1050 1002 1076 in
1017 1049 1093 1076 ttobis
1105 1049 1169 1083 ipsis
1183 1049 1302 1076 divinum
1317 1053 1368 1080 est,
1393 1049 1479 1075 instar
1500 1049 1600 1083 aurigae
1624 1048 1713 1082 vigilis
1730 1055 1763 1074 ac

977 1096 1065 1131 periti,
1087 1096 1184 1130 poterit
1203 1095 1318 1130 singulis
1335 1095 1492 1128 virtutibus,
1516 1094 1703 1129 permislione.
1722 1094 1763 1120 itt-

976 1149 1067 1176 quatn,
1082 1141 1287 1173 elementorum,
1305 1142 1356 1173 ira,
1376 1141 1535 1175 cupiditate,
1552 1140 1700 1174 habituque
1721 1146 1764 1166 ra-

977 1187 1058 1214 tionis
1075 1193 1194 1221 experte,
1210 1187 1298 1222 quoad
1321 1195 1368 1221 par
1388 1191 1427 1214 est
1447 1186 1496 1213 ttti.
1515 1186 1702 1212 Dilﬁcillimum
1722 1189 1766 1212 es:

976 1235 1093 1268 seipsmn
1112 1242 1201 1266 ttosse,
1220 1234 1342 1268 quamvis
1363 1233 1442 1260 facile
1463 1233 1604 1260 videatur:
1620 1232 1691 1267 quod
1714 1232 1765 1266 Py-

977 1280 1025 1307 thii
1039 1279 1169 1313 Apollinis
1184 1287 1244 1306 esse
1259 1279 1359 1310 dicunt,
1384 1278 1447 1305 licet
1465 1278 1498 1304 ad
1513 1277 1654 1305 Chilonem
1680 1283 1763 1303 unttut

976 1332 991 1352 e
1003 1329 1105 1358 septem
1121 1324 1289 1359 sapientibus
1304 1323 1434 1350 referant.
1452 1322 1506 1350 Nos
1525 1326 1614 1349 autent
1629 1321 1764 1350 hortatur,

977 1375 1008 1398 ut
1026 1371 1151 1405 quisque,
1172 1371 1236 1405 quid
1256 1370 1353 1404 possit,
1384 1373 1540 1403 cognoscat.
1564 1367 1616 1395 Sed
1637 1366 1702 1394 nihil
1724 1369 1766 1392 est

978 1417 1060 1449 aliud,
1077 1425 1151 1444 nasse
1169 1424 1196 1443 se
1209 1417 1305 1450 ipsum,
1326 1423 1405 1450 quam
1424 1415 1506 1442 totitts
1529 1413 1620 1440 mundi
1639 1417 1762 1439 naturaut

979 1469 1069 1493 nosse,
1085 1463 1155 1497 quod
1170 1462 1229 1489 sine
1242 1461 1408 1497 philosophia
1426 1461 1483 1488 ﬁeri
1500 1468 1552 1487 non
1570 1463 1667 1494 potest,
1681 1458 1766 1493 quod-

142 1511 212 1538 μονα
227 1503 397 1538 ἐπιστήσας,
414 1502 558 1537 δυνήσεται
583 1501 686 1537 ἑκάστῃ
703 1501 758 1527 τῶν
775 1500 863 1528 ἄλλων
883 1502 924 1528 δυ-

979 1515 1032 1542 qtte
1048 1508 1118 1534 Deus
1128 1504 1179 1533 nos
1197 1511 1299 1534 tuonet.
1313 1507 1480 1540 Cognitionis
1495 1510 1557 1533 octo
1568 1509 1629 1532 sunt
1643 1511 1741 1538 organa
1756 1512 1764 1530 :

140 1549 249 1584 νάμεων
264 1549 305 1580 είς
326 1548 387 1575 δέον
399 1546 564 1583 χρήσασθαι,
579 1547 612 1582 τῇ
625 1555 653 1573 τε
667 1547 764 1582 κράσει
781 1547 853 1582 φημὶ
872 1546 926 1573 τῶν

142 1594 282 1630 στοιχείων
293 1595 342 1621 καὶ
353 1593 393 1629 τῷ
404 1592 482 1629 θυμῷ
497 1593 545 1619 καὶ
557 1594 589 1628 τῇ
607 1592 740 1627 ἐπιθυμίᾳ
757 1593 803 1618 καὶ
815 1593 847 1627 τῇ
864 1591 926 1627 ὀρέ-

142 1641 192 1674 ξει.
213 1641 250 1668 Τδ
272 1639 338 1674 γοῦν
352 1639 441 1675 γνῶθι
455 1640 580 1671 σαυτὸν,
604 1639 698 1666 δοκοῦν
721 1640 820 1674 ῥᾷστον
845 1636 925 1671 εἶναι,

141 1686 250 1713 πάντων
264 1685 323 1712 ἐστὶ
338 1684 547 1720 χαλεπώτατον·
569 1684 583 1710 ὃ
607 1684 653 1710 καί
670 1692 735 1718 φασι
757 1683 805 1710 τοῦ
824 1683 925 1711 Πυθίου

141 1730 395 1763 εἷναιᾌπόλλωνος,
408 1730 434 1756 ει
448 1730 496 1757 καὶ
509 1730 549 1762 εἰς
562 1730 670 1757 Χίλωνα
684 1730 738 1756 τῶν
751 1730 820 1757 ἑπτὰ
835 1730 927 1765 σοφῶν

140 1778 189 1804 ινα
203 1777 235 1804 τὸ
254 1776 420 1811 ἀπόφθεγμα
442 1776 619 1812 ἀναφέρουσι.
653 1777 785 1812 Παραινετ
810 1776 833 1803 δ’
858 1777 926 1811 ἡμῖν

140 1823 242 1857 γνῶναι
262 1822 311 1858 τὴν
332 1822 438 1850 ἑαυτῶν
451 1821 576 1858 δύναμιν.
594 1822 630 1849 Τὸ
643 1822 673 1848 δὲ.
689 1821 801 1856 γνῶναι
817 1822 926 1849 ἑαυτὸν

139 1869 217 1896 οὐδὲν
231 1869 294 1896 ἄλλο
308 1868 409 1904 ἐστὶνὴ
424 1868 473 1903 τὴν
482 1868 504 1884 ³³
519 1867 566 1895 τοῦ
581 1867 738 1902 σύμπαντος
751 1869 855 1903 κόσμου
871 1868 923 1903 φύ-

141 1923 184 1942 σιν
197 1914 308 1950 γνῶναι.
323 1913 410 1940 Τοῦτο
424 1913 453 1940 δὲ
467 1913 597 1946 ἀδύνατον
612 1913 676 1940 ἄνευ
693 1913 740 1939 τοῦ
757 1913 923 1948 φιλοσοφεῖψ

139 1961 210 1996 ὅπερ
224 1961 291 1996 ἡμῖν
303 1961 318 1987 ό
329 1959 395 1992 Θεὸς
412 1961 549 1994 παραινεῖ.
566 1959 627 1986 Ὀτι
642 1957 768 1994 γνώσεως
785 1959 857 1986 ὀκτώ
874 1968 926 1993 φα-

140 2017 183 2036 σιν
205 2008 319 2044 ὄργανα,
344 2007 484 2043 αἴσθησιν,
509 2006 667 2042 φαντασίαν,
691 2007 799 2041 τέχνην,
833 2006 924 2040 δόξαν.

140 2054 282 2089 φρόνησιν,
304 2055 472 2088 ἐπιστήμην,
499 2053 605 2088 σοφίαν,
622 2052 694 2079 νοῦν.
717 2051 825 2079 Τούτων
848 2051 926 2079 κοινὰ

140 2100 192 2134 μέν
205 2100 279 2126 ἐστιν
295 2100 362 2134 ἡμῖν
377 2099 445 2134 πρὸς
458 2099 492 2125 τὰ
505 2099 564 2126 θεῖα
577 2099 658 2133 τέχνη
675 2098 722 2124 καὶ
732 2098 866 2134 φρόνησις
876 2097 925 2125 καὶ

139 2144 278 2180 ἐπιστήμη
293 2145 340 2171 καὶ
354 2145 425 2178 νοῦς,
451 2144 519 2180 πρὸς
535 2144 564 2170 δὲ
578 2145 613 2171 τὰ
629 2144 713 2177 ἄλογα
729 2143 855 2178 αἴσθησις
875 2143 922 2170 καὶ

978 1559 1085 1584 sensus,
1099 1551 1266 1586 imaginatio,
1282 1558 1337 1583 ars,
1352 1551 1455 1585 opittio,
1474 1550 1626 1585 prudentia,
1639 1549 1765 1578 scientia.

979 1597 1120 1631 sapientia,
1148 1605 1234 1624 mens.
1263 1597 1368 1628 Artem,
1396 1596 1579 1631 prudentiam,
1611 1595 1765 1627 scientiam,

978 1647 1106 1674 mentem,
1124 1650 1295 1669 Communem
1311 1650 1371 1669 cutn
1388 1642 1439 1669 diis
1455 1642 1595 1668 habemus.
1611 1640 1725 1668 Sensum
1738 1645 1766 1666 et

979 1688 1198 1722 imaginationem
1219 1695 1277 1714 cum
1305 1688 1407 1714 bestiis.
1435 1687 1518 1714 Nobis
1548 1691 1637 1713 atttem
1662 1685 1765 1713 solutu-

978 1735 1058 1760 modo
1074 1734 1180 1767 propria
1192 1739 1232 1760 est
1246 1733 1347 1767 opinio.
1369 1732 1472 1760 Sensus
1489 1737 1530 1759 est
1547 1731 1628 1759 fallax
1647 1731 1765 1766 Cognitio
1816 1762 1819 1768 _

977 1788 1025 1815 per
1037 1787 1144 1813 corpus.
1160 1778 1320 1814 lmagiuatio
1332 1783 1420 1806 motus
1433 1779 1541 1813 quidam
1557 1779 1583 1805 in
1599 1779 1699 1806 anittto.
1713 1777 1764 1805 Ars

977 1830 1019 1853 est
1031 1826 1138 1852 habitus
1152 1832 1213 1852 cum
1231 1825 1336 1852 ratione
1348 1824 1473 1852 laborans
1486 1833 1493 1856 ;
1506 1823 1616 1851 additur
1630 1823 1692 1855 ltoc,
1704 1818 1764 1850 eum

977 1871 1087 1903 ratione,
1103 1871 1165 1905 quia
1191 1871 1272 1897 etiam
1295 1878 1394 1898 aranea
1412 1875 1553 1906 operatur,
1580 1874 1764 1897 verumtamen

977 1917 1036 1943 sine
1060 1917 1174 1943 ratione.
1195 1916 1341 1944 Prudentia
1361 1921 1402 1944 est
1425 1917 1544 1948 habitus,
1567 1917 1612 1951 qui
1638 1916 1663 1943 itt
1685 1915 1765 1942 rebus

977 1969 1051 1990 recte
1074 1963 1234 1998 peragendis
1259 1963 1424 1989 continetur.
1452 1961 1570 1989 Scientia
1597 1966 1638 1989 est
1657 1961 1765 1988 habitus

976 2016 1068 2036 eorum
1083 2017 1142 2044 qua:
1157 2016 1264 2043 semper
1279 2013 1306 2036 et
1322 2009 1448 2036 similiter
1464 2009 1558 2035 eadem
1574 2007 1691 2035 fuerunt.
1715 2006 1764 2034 Sa-

976 2056 1075 2091 pietttia
1093 2055 1268 2090 plurimarum
1293 2062 1438 2082 causarum
1462 2054 1592 2089 cognitio.
1614 2053 1687 2081 Mens
1714 2053 1765 2080 ini-

977 2102 1044 2128 tium
1057 2106 1082 2127 et
1098 2101 1157 2128 fons
1171 2102 1259 2128 omnis
1274 2100 1347 2127 boni.
1364 2100 1431 2128 Tres
1454 2106 1516 2127 sunt
1535 2099 1680 2127 docilitatis
1704 2106 1766 2133 par-

978 2151 1018 2173 tes
1035 2155 1042 2173 :
1061 2146 1182 2178 solertia,
1215 2146 1342 2174 memoria
1371 2151 1398 2173 et
1433 2145 1533 2180 ingenii
1562 2146 1612 2173 vis.
1638 2145 1765 2172 Memoria

139 2190 293 2226 φαντασίαι
307 2190 371 2217 ῐδιον
385 2190 414 2216 δὲ
431 2190 510 2225 ήμῶν
524 2190 605 2225 μόνον
616 2191 633 2225 ή
649 2190 723 2223 δόξα.
740 2190 817 2216 Ἔστι
835 2190 863 2217 δὲ
880 2189 923 2216 αἵ-

976 2191 1074 2228 Μια
1097 2191 1213 2218 custodit
1229 2198 1260 2217 ea
1281 2199 1340 2225 qua:
1366 2191 1502 2224 qttoudam
1515 2190 1576 2224 quis
1598 2189 1701 2216 didicit.
1720 2187 1765 2214 Vis

140 2238 235 2273 σθησις
252 2237 302 2274 μὲν
315 2237 415 2271 γνῶσις
427 2236 527 2272 ψευδὴς
539 2236 583 2263 διὰ
598 2236 735 2270 σώματος,
749 2236 885 2270 φαντασία
896 2235 924 2263 δὲ

138 2284 246 2318 κίνησις
256 2284 285 2310 ἐν
295 2283 368 2318 ψυχῇ
380 2303 387 2315 ,
409 2283 491 2317 τέχνη
504 2281 533 2307 δέ
545 2281 603 2314 ἕξις
617 2281 746 2316 ποιητικὴ
760 2281 831 2316 μετὰ
845 2281 924 2316 λόγου

139 2330 182 2365 (τὸ
193 2329 222 2356 δὲ
233 2329 310 2363 μετὰ
319 2330 411 2363 λόγου
422 2329 442 2344 ¹⁴
458 2328 619 2363 πρόσκειται
631 2349 638 2360 ,
656 2328 696 2354 ὅτι
711 2328 758 2354 καὶ
774 2328 788 2354 ό
802 2327 925 2363 ἀράχνης

138 2376 223 2407 ποιεῖ,
240 2375 297 2402 ἀλλ’
312 2375 342 2401 οὐ
363 2375 432 2410 μετὰ
445 2374 538 2410 λόγου)
548 2393 556 2405 ,
571 2373 701 2410 φρόνησις
714 2373 743 2400 δὲ
755 2373 811 2406 ἕξις
828 2380 925 2408 προαι-

140 2421 236 2458 ρετικὴ
250 2421 299 2457 τῆς
313 2421 343 2448 ἐν
356 2422 413 2453 τοῖς
427 2422 560 2457 πρακτοῖς
575 2420 733 2456 ὀρθότητος,
746 2420 885 2454 ἐπιστήμη
897 2418 925 2445 δέ

137 2466 194 2499 ἕξις
215 2466 271 2493 τῶν
285 2467 329 2494 ἀεὶ
351 2466 423 2493 κατὰ
445 2466 479 2492 τὰ
495 2467 566 2494 αὐτὰ
582 2467 629 2494 καὶ
650 2465 780 2495 ὡσαύτως
796 2464 924 2499 ἐχόντων,

139 2513 222 2546 σοφία
247 2512 276 2539 δὲ
298 2513 438 2548 ἐπιστήμη
461 2512 516 2538 τῶν
538 2512 655 2547 πρώτων
679 2511 785 2542 αἰτίων,
811 2509 875 2541 νοῦς
895 2509 924 2536 δὲ

137 2557 210 2593 αρχὴ
224 2557 271 2584 καὶ
286 2557 362 2593 πηγὴ
383 2558 493 2584 πάντων
506 2556 562 2584 τῶν
576 2556 678 2584 καλῶν.
694 2556 755 2583 Ὅτι
769 2555 834 2591 τρία
852 2555 923 2590 μέρη

138 2604 282 2640 εὐμαθίας,
298 2604 436 2639 ἀγχίνοια,
451 2604 558 2639 μνήμη.
575 2603 684 2638 ὀξύτης.
693 2603 794 2638 Μνήμη
808 2601 859 2637 μὲν
875 2599 923 2629 οῦν

978 2239 1078 2273 ingenii
1090 2243 1132 2265 est
1148 2237 1312 2272 intelligendi
1326 2237 1464 2264 velocitas.
1484 2236 1599 2263 Solertia
1616 2240 1658 2262 est
1673 2242 1706 2262 ex
1721 2235 1764 2266 iis,

977 2292 1037 2319 qua;
1049 2285 1111 2318 quis
1127 2283 1232 2315 didicit,
1258 2290 1289 2309 ea
1310 2283 1474 2318 investigare
1498 2288 1558 2316 quae
1584 2288 1635 2308 tton
1663 2280 1765 2307 didicit.

978 2328 1041 2356 Tria
1065 2332 1128 2355 sunt
1145 2335 1205 2363 quae
1226 2327 1287 2354 caeli
1314 2327 1423 2354 nomine
1444 2327 1571 2354 dicutttur
1590 2334 1598 2353 :
1617 2325 1704 2360 priuto
1721 2325 1768 2351 lir-

978 2377 1142 2400 mamentum
1155 2380 1162 2405 ;
1181 2373 1302 2400 secundo
1317 2372 1444 2399 distantia
1459 2371 1503 2398 illa
1517 2378 1576 2406 quae
1592 2375 1634 2398 est
1644 2378 1659 2397 a
1676 2370 1768 2397 iirma-

978 2423 1068 2446 utequ
1094 2425 1178 2453 usque
1190 2418 1223 2445 ad
1247 2418 1354 2450 lunam;
1381 2418 1462 2444 tertio
1477 2417 1621 2444 universus
1640 2417 1765 2448 mundus,

976 2466 1087 2511 caelum,
1105 2465 1226 2500 inquam,
1250 2470 1278 2493 et
1293 2470 1375 2492 terra.
1397 2463 1505 2498 Optima
1524 2468 1552 2491 et
1571 2463 1689 2498 pessima
1705 2466 1768 2489 nata

976 2509 1052 2543 sunt,
1070 2511 1168 2546 inquit,
1194 2512 1227 2538 ad
1249 2518 1357 2546 semper
1370 2510 1549 2544 operandum,
1572 2511 1642 2537 Deus
1662 2509 1770 2536 scilicet

977 2560 1006 2584 et
1031 2557 1138 2591 plantae.
1160 2556 1232 2584 Deus
1255 2557 1339 2589 ettint,
1358 2563 1386 2584 et
1401 2564 1463 2592 quae
1488 2556 1532 2584 illa
1557 2556 1677 2591 proxima
1694 2559 1768 2585 sunt,

977 2608 1068 2631 tuente
1085 2608 1111 2632 et
1125 2604 1230 2631 ratione
1253 2610 1360 2639 semper
1381 2609 1549 2639 operantur;
1573 2603 1694 2636 itemque
1709 2609 1768 2637 ger-

763 2695 878 2724 VARUE
897 2695 1098 2724 LECTXONES.

174 2761 311 2805 ‘_lp.6a9_.]
321 2762 496 2805 ἐμϐαίνοντες
511 2764 544 2791 Δ.
559 2766 592 2805 _"’
607 2765 691 2805 αὐτὴν
707 2766 770 2805 add.
858 2766 924 2805 fab;

976 2776 985 2793 ι
1000 2767 1021 2793 Α
1042 2766 1112 2805 ιούικ
1130 2767 1185 2802 ἄρα
1203 2775 1240 2805 5.
1259 2767 1348 2805 _apu_d_
1371 2767 1538 2805 Holstenium
1556 2767 1607 2805 οὐκ
1633 2767 1687 2805 ἄρα
1716 2767 1764 2793 ὅτι.

139 2801 149 2816 ⁸
162 2799 216 2826 τῶν
243 2799 305 2827 add.
322 2799 354 2826 Λ.
394 2799 416 2815 ¹⁰
433 2799 467 2826 τὰ
478 2804 541 2826 ante
555 2799 640 2834 ἄλογα
653 2799 726 2826 deest
744 2801 892 2828 Holstenio.

933 2801 1120 2839 “apemtahv
1133 2810 1166 2839 ς,
1203 2801 1224 2839 ξ’
1234 2801 1292 2839 τῶν
1305 2802 1470 2839 ἀθλημάτων
1487 2807 1549 2839 post
1563 2801 1769 2839 ἐπιτηδεύοντας

139 2834 214 2869 punit
229 2842 259 2866 ς.
300 2834 320 2850 ¹³
333 2834 407 2869 ἥττω
419 2843 448 2866 ς.
489 2835 509 2850 ¹⁸
523 2834 557 2862 τὰ
579 2840 606 2862 et
622 2843 682 2863 mox
700 2835 746 2863 ἐπὶ
765 2836 815 2863 add
832 2837 865 2863 Α.
903 2837 924 2853 ¹⁵

976 2834 1059 2864 νὀηι.
1072 2834 1105 2863 AL
1145 2837 1166 2853 ¹⁶
1185 2836 1216 2863 τὺ
1231 2837 1259 2864 δὲ
1276 2837 1345 2872 μετὰ
1360 2834 1437 2872 λόγου
1463 2834 1518 2865 0th.
1536 2838 1568 2866 Α.
